2844 4996
140 322 366 392 ursaonae
393 316 816 395 ιιπιοιτιαοιιιιιιινιι.
836 307 1024 396 ao-at.
1098 313 1168 396 541

74 483 265 571 ἀπορρήτων
287 484 413 572 όργίων.
465 484 560 552 ἔπειτ’
582 488 704 552 ἐκεῖθεν
736 486 793 552 ιἰδν
814 489 848 553 ἒν
868 491 915 574 τῷ
934 487 1022 575 κήπῳ
1046 488 1172 574 όνουρεῐ

15 648 16 651 ,
71 585 253 670 καθήμενος
272 591 313 674 τῇ
333 588 397 652 τῶν
417 591 563 675 πρασιῶν
588 586 670 676 χλόη
705 590 761 654 καί
782 589 855 677 πόᾳ,
878 587 998 673 όπόσην
1019 589 1075 654 καί
1099 589 1169 653 οἵαν

72 684 123 748 διό
142 684 178 751 τό
203 684 332 752 οἴκοθεν
353 683 488 772 εὔοσμον
502 697 572 767 ταῖς
587 688 724 776 χύτραις
745 688 960 773 ἐμβάλλουσιν
982 687 1010 753 οἶ
1031 688 1088 773 τὰς
1106 694 1169 757 ταῖν

71 786 256 871 ἐδεσμάτων
288 782 504 872 ἓτοιμόζοντες
525 793 571 877 τῇ
588 794 644 856 τοῦ
666 791 869 876 πατριάρχου
898 790 1040 876 τραπέζη
1062 814 1167 854 ποικι-

45 886 147 962 bilae.
190 887 251 952 καί
270 875 370 972 ἦμῗαῖν,
395 891 486 976 φασί,
508 893 566 975 τῆν
589 891 695 956 αἰτίαν
714 892 772 955 τοῦ
788 888 986 974 τολμήματος
1007 891 1235 976 ε’ρομίνωνβί

71 986 122 1050 καί
144 986 233 1066 ἅπαξ
256 990 313 1054 καί
336 991 393 1066 δίς,
416 990 508 1055 οὐδὲν
530 994 649 1069 ἐκεῖνος
668 990 732 1077 ἐφη
753 990 862 1055 καινόν
885 983 967 1054 εἶναι
986 991 1087 1056 τουτί·
1111 991 1167 1055 καὶ

72 1086 130 1171 γὰρ
152 1088 209 1152 καί
232 1089 322 1166 κόνις
341 1092 527 1181 ἐνουροῦσιν
545 1091 655 1167 αόταῖς
677 1095 733 1156 καί
744 1096 850 1177 γαλαῖ,
873 1092 929 1158 καί
942 1092 1060 1177 κόπρια
1072 1092 1164 1177 ἐπιρ-

73 1191 218 1273 ραίνουσι
245 1190 333 1271 ζιόων
357 1191 480 1277 ἀλόγων
500 1216 534 1258 τε
555 1193 610 1257 καί
632 1191 821 1277 ἀνθρώπων,
844 1194 873 1256 εἰ
890 1193 982 1274 τόχοι
1003 1216 1079 1258 που·
1110 1193 1165 1258 καί

69 1285 101 1351 τό
121 1292 247 1353 κωλῦον
276 1290 377 1356 οὐδέν.
425 1291 599 1357 καὶταῦτα
631 1294 690 1375 μὲν
722 1292 867 1377 ε’ρόμενοι
893 1291 1099 1377 η’κηκόεισαν,
1123 1290 1166 1368 ιός

34 1388 180 1454 rotasiam
203 1392 324 1476 φασίν·
372 1388 392 1455 ἃ
415 1393 450 1456 δὲ
472 1392 590 1469 ἰδόντες
609 1395 685 1479 σιγῇ
704 1393 764 1475 μὲν
785 1394 834 1457 ἐπ’
857 1393 978 1457 ἐκείνου
1001 1394 1169 1478 παραδόν,

69 1511 115 1564 τες
137 1489 254 1573 ἥκιστα
286 1488 415 1576 ἤροντο,
435 1492 641 1574 πεπεισμένοι
669 1493 741 1557 λιάν
773 1491 887 1556 ἀνόσιοί
906 1516 940 1556 τε
968 1494 1024 1557 καί
1043 1495 1166 1577 βίβηλα

71 1582 147 1653 εἶναι
168 1591 226 1655 καὶ
249 1588 397 1676 ἄντικρυς
414 1594 600 1675 διαβολικῆς
621 1591 698 1675 ἔργα
716 1594 934 1670 διδασκαλίας,
955 1599 1022 1668 τοῖς
1042 1596 1071 1657 δ’
1094 1596 1163 1658 ἑπι-

70 1691 195 1767 σκόποις
228 1692 391 1775 ἐμήνυσόν
411 1717 445 1756 τε
475 1693 531 1757 καί
562 1690 816 1769 διεκωόιόνισαν,
846 1695 933 1757 ταῦτ’
963 1688 1086 1777 ἄρρητα
1103 1694 1163 1775 μὲν

72 1784 193 1871 όμεινον
228 1796 374 1856 κεῖσθαι·
426 1792 517 1857 ἴσασι
548 1791 609 1877 γὰρ
641 1790 670 1856 οἱ
700 1790 756 1867 τὰς
790 1795 1011 1878 τομογραρίας
1040 1794 1162 1869 ε’κείνας

35 1888 274 1974 1ὗόνιγνωκότες
294 1892 350 1957 καί
372 1892 613 1980 ἀποφηνάμενοι
642 1894 868 1956 Μασαλιανοόν
890 1884 969 1954 εἶναι
993 1889 1032 1955 τὰ
1054 1891 1161 1958 ταιόδε

70 1991 126 2053 τῶν
154 1996 316 2077 μυσαρῶν
333 1993 605 2081 ἐπιτηδευμάτων.
659 1988 934 2077 μεμνημιδαγδρ
968 1988 1011 2068 ιδς
1031 1991 1087 2056 καί
1107 1991 1229 2067 ἐπίῃ

69 2084 209 2155 Ἰωόννου
231 2094 289 2155 τοῦ
310 2093 512 2177 πατριόρχου
532 2090 594 2175 πρό
614 2092 692 2155 ἐτεόν
707 2087 796 2175 ε’γγός
820 2091 1042 2156 πεντεκαίδεκα
1063 2090 1159 2174 τόμος
1167 2111 1187 2165 γ,
1200 2112 1252 2169 207
1263 2131 1289 2169 ι,

71 2186 138 2271 ἡμῖν
157 2192 191 2268 ἔξ
214 2187 312 2276 ὅρους
326 2196 381 2256 τοῦ
397 2190 490 2260 Ἄθω
512 2192 708 2276 κεκόμισται,
728 2199 797 2270 ταῖς
812 2191 938 2255 πόντων
959 2190 1075 2274 σχεδόν
1095 2197 1158 2258 τῶν

69 2290 131 2351 ἐκεῖ
145 2292 292 2376 λογόδων
318 2292 558 2378 σεσημασμένας
580 2290 800 2379 όπογραφαῖς,
821 2293 877 2358 καί
898 2292 961 2378 πρό
979 2317 1014 2378 γε
1034 2295 1159 2359 πόντων

36 2391 118 2455 treet
135 2390 216 2472 μετὰ
240 2384 365 2457 πόντιόν
383 2396 438 2458 τοῦ
459 2397 628 2478 τηνικαῦτα
660 2391 695 2457 τό
718 2402 874 2477 πρωτεῖον
893 2392 1020 2474 ἔχοντος
1038 2393 1157 2473 Ἰσαόκ,
1208 2396 1213 2403 ’

69 2491 117 2555 καί
136 2492 203 2576 ἅμα
236 2496 295 2559 τοῦ
325 2494 602 2579 όρχιερατεόοντος
633 2494 691 2558 καί
721 2496 966 2568 ἐπισκοποῦντας
989 2494 1058 2556 ε’κεῖ
1075 2492 1156 2575 μετό
1188 2495 1200 2507 ’

69 2594 117 2674 τῆς
141 2596 197 2657 τοῦ
227 2595 405 2677 πνεόματος
434 2597 568 2682 χάριτος
598 2598 690 2661 θείου
723 2592 852 2680 ἀνδρός,
885 2595 988 2678 δηλῶν
1017 2594 1058 2677 τῇ
1080 2596 1156 2656 καθ’

69 2687 151 2773 ἡμᾶς’
165 2693 241 2785 ἱερᾷ
261 2694 384 2781 συνόδιρ
417 2694 536 2772 πάντας
557 2696 696 2771 ἐκείνους
725 2693 878 2777 όνομαστί
905 2693 961 2757 καί
981 2695 1058 2757 καθ’
1079 2692 1155 2758 ἕκα-

70 3005 107 3053 tar
130 3010 188 3069 ert,
216 3011 243 3057 et
263 3004 449 3073 mysteriorum
477 3005 604 3074 magirter
629 3010 658 3055 et
674 3003 795 3055 initiator
822 3015 978 3054 areanorum
1009 3002 1154 3071 orgiornrn.

71 3081 124 3137 port
153 3074 220 3127 baec
244 3084 331 3128 autern
360 3076 380 3126 it
400 3076 431 3127 ad
458 3074 547 3126 λοοιιιο
572 3076 664 3127 urinae
693 3082 720 3125 et
740 3073 816 3125 redet
838 3073 866 3124 in
892 3070 982 3123 berbin
1010 3073 1103 3124 viridia
1128 3079 1156 3125 et

71 3146 235 3211 graminibus,
255 3145 344 3215 qnalia
364 3148 434 3198 domi
452 3155 561 3213 propter
581 3146 675 3197 bonurn
698 3145 805 3196 odorem
825 3142 888 3195 oilie
904 3142 1029 3194 lniicinnt
1047 3143 1091 3210 qni
1112 3144 1154 3193 et.

70 3212 113 3265 bor
128 3219 215 3269 verina
235 3225 329 3287 parant
347 3233 454 3270 menaea
472 3217 647 3285 patriarchae.
684 3215 761 3268 nobie
779 3222 877 3278 autern,
894 3214 1027 3282 inquiunt,
1048 3228 1153 3266 canaam

71 3282 140 3337 beina
158 3290 216 3340 miri
236 3290 276 3341 rei
296 3288 450 3357 rogantibus
470 3290 547 3341 etiam
567 3297 647 3357 atque
666 3289 755 3351 etiarn,
774 3301 838 3350 non,
855 3285 993 3351 respondit
1012 3282 1071 3349 ilie,
1093 3299 1153 3335 erae

72 3353 159 3409 idtanr
177 3360 332 3412 mirandam.
370 3375 429 3412 αιιιι
449 3368 477 3411 et
494 3376 574 3412 carrea
599 3359 779 3424 commingere
800 3371 844 3408 ena
872 3363 899 3407 et
917 3355 985 3408 felea
1005 3363 1033 3407 et
1050 3363 1152 3409 atercna

71 3424 103 3475 tbi
121 3428 206 3482 faeere
222 3432 322 3483 bertier
340 3440 368 3483 et
385 3432 457 3499 ipaoa
477 3432 598 3483 bominea
617 3431 640 3481 ai
659 3430 763 3498 quando
781 3428 938 3479 necearitaa.
963 3442 1052 3497 neque
1073 3427 1153 3495 quid-

73 3510 139 3563 qnarrr
159 3517 205 3553 eoa
224 3502 363 3569 impedire.
408 3502 474 3554 baec
504 3503 585 3570 igitur
610 3501 641 3553 ad
670 3509 790 3569 rogatum
815 3505 975 3566 acceperant
999 3505 1028 3549 ut
1052 3497 1151 3550 dieunt.
1174 3540 1181 3559 ,

71 3568 112 3619 ted
129 3569 178 3622 alia
197 3589 267 3642 quae
292 3573 532 3624 animadverterant
555 3573 628 3624 taciti
657 3581 683 3624 et
707 3572 740 3622 de
758 3569 853 3639 qaibaa
883 3585 941 3621 enm
959 3584 1013 3620 nnn
1033 3582 1151 3636 rogave.

72 3644 477 3782 attritt'bzttttt·itti,
497 3643 631 3784 bitti?
647 3640 1151 3782 :biartfittirttitiztttttf

73 3790 132 3844 rent,
150 3782 215 3837 baec
234 3786 331 3838 melina
350 3794 391 3838 cat
409 3787 435 3836 in
451 3788 567 3855 ,recretis
586 3788 685 3837 iacere.
727 3785 815 3837 aeiunt
834 3784 902 3833 enirn
920 3784 966 3851 qui
984 3784 1084 3850 aeripta
1103 3781 1151 3833 iila

71 3844 184 3916 legerunt
202 3865 228 3908 et
246 3857 394 3909 docuerunt
413 3857 490 3909 foeda
512 3873 542 3909 ea
563 3873 622 3908 erae
636 3855 838 3910 blnaaliaaorum
857 3854 984 3905 inatitnta.
1021 3855 1071 3906 iarn
1092 3869 1151 3905 οια-

74 3922 182 3977 ninimnr
200 3928 327 3995 acriptnna
347 3928 395 3980 rub
415 3928 564 3996 patriarcba
584 3928 684 3980 Ioanne
712 3925 862 3995 quindecim
884 3925 940 3976 iere
958 3925 1057 3977 abhinc
1075 3925 1151 3977 annia

72 3989 188 4048 nobiter
207 3999 277 4053 Atbn
302 4007 391 4051 inante
418 4000 526 4063 editum,
544 4001 587 4050 cui
616 4000 674 4051 iere
695 4000 809 4050 onrninm
828 3992 864 4047 ibi
886 3996 1038 4063 degentium
1056 4011 1151 4048 mona-

74 4058 169 4117 ebnrnm
195 4071 301 4121 nomina
331 4070 478 4136 anbtcripta
504 4077 573 4133 runt,
602 4078 628 4121 et
646 4071 716 4121 inter
735 4067 788 4120 alia
807 4067 927 4135 inprimis
951 4067 1034 4120 laaaci
1053 4079 1150 4118 nornen

74 4133 111 4197 φιλ
129 4152 159 4188 ιο
178 4141 234 4207 ipro
256 4148 378 4210 tempore
397 4141 534 4208 plurimam
563 4141 600 4192 ibi
622 4141 776 4208 dignitatem
795 4138 950 4203 obtinebat,
975 4147 1002 4190 et
1034 4137 1150 4205 patriar.

73 4201 129 4269 ttae
147 4210 201 4263 einr
219 4210 273 4266 inei
299 4221 326 4267 et
353 4214 472 4283 epireopi
492 4213 537 4284 qui
552 4207 597 4265 'vir
615 4219 673 4265 erat
698 4210 793 4280 pienua
819 4210 914 4279 rpiritn
938 4209 1040 4263 divino.
1077 4204 1148 4277 quod

356 4342 371 4375 1
