2844 4996
245 276 321 352 tiis
547 280 775 350 MOEPHORI
800 279 1033 349 GRmoffl

244 446 358 524 ἔλαθε,
393 444 471 531 πρὶν
500 442 606 509 ότιοῦν
633 444 820 509 ἀπόνασθαι
839 448 894 531 τῆς
923 447 1085 529 σπουδῆς,
1114 443 1350 530 posseisdem*

243 551 346 639 μανίη
366 550 510 629 κάτοχος,
534 545 578 625 τός
591 545 724 631 εἴρηται,
745 544 881 632 γεγονός
903 546 958 612 διά
977 546 1148 632 ξηρότητος
1169 542 1349 627 όπερβολὴν

243 652 434 738 ἐγκεφάλου.
475 649 532 714 καί
554 648 594 712 τὰ
615 641 687 732 ἑξῆς
710 650 864 733 λεγόντων
892 646 975 731 ὁμοῦ
995 649 1051 712 καί
1071 644 1260 732 γραφόντων
1281 642 1348 707 iti·

245 776 311 839 ρων
331 752 417 817 ἔστιν
438 750 574 814 άκοόειν.
617 747 654 811 οὗ
673 746 736 834 γάρ
759 748 964 829 ὀνειδίζοντες
983 748 1174 832 μεμνήμεθα
1193 748 1259 810 τῶν
1280 770 1347 809 τοι-

242 855 345 922 οάτων
364 853 457 939 ἡμεῖς
477 856 548 918 νῦν·
604 850 697 935 ἴσμεν
728 850 791 938 γάρ
815 848 860 930 σός
891 858 1041 936 πονηροῖς
1060 872 1093 914 τε
1124 848 1180 911 κατ’
1209 845 1377 931 άγαθοῖςδ

242 959 293 1022 ἐπ’
318 954 390 1039 ἴσης
426 953 532 1018 ἔπεισι
554 952 594 1018 τά
615 954 737 1031 τοιαδί,
774 946 820 1030 οἷς
848 952 945 1036 μόνος
976 944 1044 1016 οἶδε
1063 950 1197 1033 κρίμασι
1215 946 1345 1029 κάρτος·

245 1055 410 1121 ἀλλοιῶν
430 1057 487 1138 τῆς
512 1053 657 1140 ἱστορίας
677 1054 866 1139 ἐγκειμένων
887 1060 1033 1134 νομίμων
1050 1051 1107 1114 καί
1127 1034 1206 1114 καθ)
1225 1048 1345 1113 ἕκαστα

244 1156 419 1240 ζητούντων
441 1152 585 1230 ἅπαντα,
614 1154 753 1238 μετρίως
786 1152 878 1237 ἡμεῖς
911 1153 967 1216 καί
993 1155 1057 1215 τῶν
1076 1150 1224 1214 τοιοότων
1246 1144 1345 1211 ‹inrd-

173 1259 340 1339 “pedm
384 1251 621 1337 ἃπλατότερον
642 1254 745 1339 ἕτεροι
768 1251 920 1331 διεξιέναι
940 1251 1041 1338 ἥκιστ’
1063 1250 1228 1317 όκνοῦσιν·
1274 1246 1343 1310 ἀλλ’

240 1357 348 1440 ἐκείνῳ
370 1354 427 1439 τὴν
450 1355 557 1418 αἰτίαν
573 1359 689 1439 σαφαῖς
710 1356 900 1441 τιγῖ’όαιμονι
921 1354 1200 1439 παραπέμπουσιν,
1226 1340 1253 1439 ᾧ
1272 1359 1391 1413 sace-td

239 1457 329 1541 νηρηῖ
349 1454 504 1540 γενομένῳ
530 1451 584 1518 διὰ
605 1456 791 1540 βουλήσεως
812 1456 1000 1540 μοχθηρίαν
1015 1454 1162 1538 καθάπερ
1184 1478 1232 1528 τις
1252 1455 1342 1538 ἐφεῖ-

238 1579 293 1619 ται
314 1558 432 1640 κλῆρος
454 1554 574 1630 άίόιος,
595 1558 659 1618 τῶν
687 1554 791 1622 ἄλλοτ’
816 1553 920 1631 άλλως
950 1554 1121 1642 φυομένων
1143 1576 1176 1615 τε
1195 1554 1252 1618 καί
1270 1554 1343 1616 ἐπι·

241 1655 412 1743 φυομένων
431 1678 465 1719 τε
487 1654 542 1721 καί
564 1657 790 1741 ἐπιφυομένων
821 1655 903 1721 κατὰ
922 1659 977 1740 τῆς
996 1658 1053 1720 τοῦ
1074 1658 1153 1720 θεοῦ
1173 1653 1344 1738 ἑκκλησιας

239 1754 396 1841 ἡγεῖσθαί
412 1778 446 1819 τε
466 1753 624 1839 αἱρέσεων
651 1758 707 1821 καί
743 1757 847 1822 πάντα
869 1758 951 1841 όράν
981 1755 1021 1818 τά
1037 1754 1249 1836 χαλεπώτατα
1269 1759 1340 1817 κατ)

239 1856 398 1934 ἐξουσίαν,
419 1856 476 1920 καί
499 1855 566 1938 άμα
589 1858 747 1941 &peditem
767 1856 799 1935 ἔς
819 1878 855 1942 γε
876 1857 911 1922 τό
934 1857 1080 1921 πλάττειν
1102 1855 1213 1942 ἁγίους
1234 1854 1388 1939 edin-15

236 1955 354 2039 μεράν,
384 1955 440 2020 καί
468 1958 556 2020 ταῦτ)
587 1957 727 2033 ἐκείνους
764 1956 799 2020 oi
825 1955 880 2040 την
909 1960 965 2041 τῆς
990 1957 1141 2040 λατρείας
1170 1955 1342 2040 ἡγεμονίαν

236 2060 343 2145 ἐκείνην
364 2084 398 2122 τε
417 2058 635 2138 ἐκόεόοόκασι,
666 2061 722 2125 καί
746 2058 829 2137 ἅπας
862 2058 976 2137 αὐτούς
995 2056 1051 2124 κατ’
1078 2062 1151 2141 βίος
1171 2058 1227 2121 καί
1249 2056 1342 2139 λόγος

234 2158 292 2220 καί
313 2162 430 2242 πρᾶξις
458 2163 516 2223 τοῦ
536 2164 600 2224 τῶν
621 2159 809 2245 &conscios
839 2160 940 2225 πάλαι
962 2159 1119 2245 όιέγραψέ
1139 2182 1174 2222 τε
1206 2158 1263 2222 καί
1281 2180 1339 2220 πε-

234 2259 336 2339 ριεῖλε
353 2258 475 2340 χοροῦ,
506 2259 559 2321 ἵνα
582 2257 629 2341 μὴ
657 2256 789 2337 όπόσοις
818 2262 900 2347 λέγω
930 2260 987 2325 καί
1007 2257 1062 2345 ὑφ’
1085 2257 1171 2324 όσων
1189 2261 1253 2321 τῶν
1275 2283 1338 2321 πα-

234 2356 399 2439 τριαρχῶν
430 2379 463 2419 τε
500 2356 556 2421 καὶ
586 2357 772 2423 ἐπισκόπων
810 2360 972 2448 φυομένης
998 2355 1060 2445 ἤδη
1089 2363 1147 2442 τῆς
1184 2358 1381 2444 αἱρέσεωςίό

234 2452 440 2538 &sampson
460 2457 650 2540 ἐμπεσόντες
670 2463 717 2547 aigi
738 2461 858 2548 αἰωνίῳ
887 2461 969 2547 πυρί
989 2459 1282 2546 παρεπέμφθηααν.

167 2569 223 2623 ss
333 2556 406 2623 Καί
426 2561 525 2622 ταῦτα
545 2560 606 2641 μέν
624 2563 734 2624 τοῦτον
753 2560 830 2642 ἔσχε
850 2561 905 2626 τόν
924 2561 1065 2647 τρόπον,
1087 2557 1150 2644 ἐγώ
1179 2563 1208 2625 d'
1238 2562 1341 2624 ἐκεῖνο

110 2655 191 2716 tato
198 2676 224 2715 a.
232 2654 485 2741 ἐπαναλήψομαι
501 2661 567 2723 νῦν.
588 2657 617 2724 οἶ
638 2659 701 2745 γάρ
720 2658 756 2725 τό
768 2663 799 2727 Γ
798 2662 1007 2745 αλαταόνυμον
1025 2661 1152 2742 ἔχοντες
1173 2659 1339 2749 φροόριον,

301 2829 348 2913 223
367 2830 524 2916 Quaahinc
542 2842 700 2921 sequantui,
719 2851 806 2961 ατηιο
827 2839 860 2890 ad
877 2839 957 2892 inam
975 2838 1055 2891 tinias
1074 2837 1185 2924 codicis,
1203 2852 1258 2890 noa
1276 2845 1339 2891 snt

301 2897 382 2953 haina
400 2902 455 2955 locs
473 2904 523 2958 aad
538 2912 603 2958 ante
618 2908 726 2959 anitium
740 2908 761 2961 ii
781 2906 804 2961 ri
824 2909 859 2962 37
879 2908 964 2981 (sot)
984 2908 1115 2962 collocant
1135 2910 1243 2992 debent.
1263 2909 1329 2962 iias.

228 3064 287 3118 bri:
308 3073 336 3118 st
353 3069 494 3137 sequentia
512 3069 546 3123 ab
564 3068 626 3123 sliia
642 3068 792 3126 dicentibus
810 3072 888 3127 simui
909 3082 937 3127 et
944 3074 1122 3128 scribentibus
1143 3075 1235 3128 audire
1255 3074 1336 3128 iicet:

180 3134 192 3146 '
228 3139 405 3204 nequeenim
432 3148 459 3191 et
477 3150 647 3195 accusatore·
673 3144 736 3196 taiia
766 3160 816 3197 nos
841 3160 913 3198 nnnc
931 3148 1116 3199 meminimus:
1148 3148 1246 3199 seimus
1265 3149 1336 3200 enim

227 3206 305 3260 malis
323 3207 402 3261 simui
423 3217 451 3262 et
469 3210 546 3263 bonis
567 3215 722 3280 parimodo
741 3216 805 3267 talia
824 3217 967 3269 immittere
980 3218 1112 3270 dominnm
1128 3218 1246 3283 indiciis,
1266 3234 1335 3287 qnae

226 3277 305 3328 novit
323 3277 408 3331 scios.
445 3281 492 3334 aad
520 3297 554 3333 ea
572 3284 606 3335 iis
624 3301 692 3353 quac
711 3294 774 3339 sant
798 3288 825 3339 in
845 3286 959 3339 historia
977 3289 1047 3340 insta
1073 3298 1100 3341 et
1118 3286 1226 3358 singula
1245 3292 1335 3343 omnia

227 3355 370 3412 quaerunt,
390 3356 484 3403 αιτιοι
504 3353 583 3405 etiam
610 3356 716 3408 modice
737 3372 769 3409 ea
794 3358 965 3425 attingimus,
992 3375 1060 3427 quae
1080 3358 1188 3427 longuis
1207 3363 1334 3429 persequi

225 3414 274 3468 alii
293 3417 401 3470 minime
420 3429 596 3475 cunctantnrt
622 3427 670 3479 sed
688 3436 781 3495 aperto
802 3430 828 3481 ei
848 3429 972 3482 daemoni
997 3430 1101 3497 cuipam
1120 3430 1267 3495 ascribant,
1288 3433 1333 3483 cni

224 3486 297 3540 malo
326 3488 396 3541 iacto
422 3506 472 3558 per
497 3493 643 3549 vetustatis
670 3499 816 3567 nequitiem
843 3501 918 3568 quasi
938 3514 997 3552 sora
1025 3503 1152 3570 qnnedam
1173 3502 1273 3554 tributa
1292 3513 1333 3555 eat

225 3560 393 3624 perniciosa,
418 3562 565 3629 principem
591 3582 651 3618 ease
671 3568 822 3623 haeresium
847 3571 892 3621 hie
913 3569 970 3622 iilic
996 3580 1088 3623 contra
1116 3574 1160 3624 dei
1188 3573 1331 3625 ecclesiam
1417 3610 1418 3617 τ

224 3632 390 3684 nascentium
420 3646 452 3683 ac
477 3638 672 3690 renascentium
692 3649 719 3692 et
746 3643 862 3709 pessima
880 3654 1002 3711 qnaeqoe
1037 3643 1126 3695 iacere
1154 3658 1205 3711 pro
1229 3644 1329 3697 viribus

224 3698 293 3762 sois,
315 3702 448 3769 simniqoe
473 3712 576 3756 certare
596 3710 722 3762 continuo
749 3722 843 3766 contra
872 3715 1147 3781 repraesentationem
1166 3724 1328 3768 sanctornm.

223 3772 304 3847 tique
332 3770 400 3824 haec
430 3775 535 3842 quidem
564 3774 628 3829 illos
648 3783 694 3848 qni
721 3783 809 3847 cpltos
834 3785 972 3852 imperium
998 3782 1023 3835 ci
1052 3784 1219 3838 tradiderunt
1248 3793 1328 3856 atque

224 3847 310 3885 omma
340 3849 367 3890 et
395 3845 451 3895 vita
475 3852 502 3896 ct
525 3847 621 3914 agendi
651 3852 719 3903 ratio
747 3855 780 3915 ab
803 3856 959 3918 orthodoxis¹
985 3856 1140 3908 discernunt
1162 3864 1224 3908 eta
1245 3857 1327 3910 choro

222 3916 383 3971 segregante
402 3928 437 3964 ns
456 3915 542 3967 dicam
560 3933 576 3970 a
597 3928 663 3986 quot
681 3923 732 3973 iam
752 3933 780 3978 et
798 3928 958 3993 patriarchis
977 3935 1006 3979 et
1024 3928 1159 3995 episcopia
1170 3943 1251 3995 quom
1262 3942 1326 3981 nas.

222 3979 328 4056 astetur
354 3976 490 4049 haeresis,
517 3988 545 4038 in
575 3990 743 4043 anathemata
767 3997 935 4065 incidentes,
961 4000 988 4053 in
1007 4006 1143 4051 aeternum
1162 3999 1254 4067 ignem
1273 4004 1329 4054 sint

222 4041 339 4097 demissi.
377 4057 456 4119 atque
475 4054 542 4108 haec
561 4060 667 4126 quidem
687 4061 826 4118 hactenus.

323 4139 378 4195 lam
396 4158 473 4197 varo·
486 4161 518 4199 so
539 4151 610 4205 ands
624 4153 759 4208 declinavi
778 4167 909 4213 assertas.
946 4166 993 4231 qai
1013 4165 1165 4221 Galatam·
1185 4166 1327 4221 cutelinia
