2868 4998
379 1407 854 1501 PRAEFATIO.
950 1414 955 1434 “

516 1621 716 1636 m

167 1783 279 1893 Ques
310 1824 404 1878 nune
428 1799 580 1901 'primunr
619 1825 667 1878 ex
695 1762 984 1880 bibliothecarum
1018 1804 1164 1883 latebris

83 1963 205 2059 prodit,
222 1964 343 2060 operis
356 1960 571 2060 Nicepherei
588 1984 669 2060 pers
693 1973 866 2060 postrema
890 1965 976 2039 entis
1001 1962 1061 2037 diu
1085 1984 1166 2038 nnn-

83 2142 150 2195 nun
173 2123 351 2222 quaesiuit
374 2119 664 2218 liberalemque
691 2122 734 2195 nb
748 2070 938 2196 *oblivione
958 2122 1167 2199 vindicare-

85 2288 139 2355 tur.
185 2282 397 2379 promiserat
422 2301 498 2352 enm
521 2300 658 2354 menum
683 2281 868 2373 Boivinue,
894 2281 1054 2383 perrexit
1078 2301 1166 2354 sen-
1244 2374 1246 2379 Ι

85 2439 180 2514 denir
204 2439 476 2532 Berelinensis,
501 2441 599 2514 euius
614 2431 708 2512 'euru
734 2448 938 2537 sumptuque
962 2437 1089 2513 fuctum
1114 2450 1169 2515 est

86 2598 218 2673 utlibri
244 2598 330 2692 dno,
351 2597 512 2674 vicesimi
543 2599 683 2693 quintus
716 2608 752 2672 et
782 2607 904 2672 sextus
938 2617 1015 2670 enm
1046 2606 1169 2693 qnnrto

85 2752 270 2850 diuidinto,
293 2775 342 2827 ex
366 2752 489 2828 codiee
514 2751 686 2827 Vntiennn
715 2753 852 2845 (1095)
877 2753 1172 2846 describerentur,

86 2912 199 3010 reliqui
224 2934 277 2986 ex
301 2909 561 2987 Purisieusibus
586 2888 712 3005 Regiis
747 2910 866 3000 (1276
891 2920 926 2985 et
951 2911 1089 3005 3075),
1115 2910 1170 2984 illi

85 3065 298 3146 niHeurieo
322 3068 491 3162 Brunne,
516 3067 553 3142 hi
578 3090 599 3140 e
624 3064 834 3143 Wlndimire
858 3026 1032 3162 Brunete,
1059 3067 1170 3144 doctis

87 3224 270 3304 iuninibus
290 3250 333 3302 ne
355 3228 536 3323 negotium
559 3247 658 3303 suurn
690 3225 840 3301 fideliter
864 3227 1052 3301 exsecutis.
1104 3247 1172 3299 eo-

87 3383 145 3458 dex
156 3385 350 3461 Vaticanus
367 3383 573 3461 churtneeus
598 3407 678 3461 esse
691 3384 905 3484 perhibetur,
929 3383 1051 3458 seculo
1077 3384 1173 3458 seri-
1213 3458 1223 3465 ,

88 3550 152 3636 ptus
184 3546 325 3620 decime
369 3554 492 3641 questo
534 3545 595 3620 rel
632 3546 773 3641 quinte,
807 3542 965 3618 munibus
1003 3538 1173 3638 pluribus,

88 3699 174 3774 nodo
213 3701 406 3796 diligenter
435 3701 539 3775 mede
577 3724 690 3777 senus.
751 3701 795 3775 de
827 3698 1020 3775 Purisiensi
1054 3698 1173 3794 priore

90 3859 197 3934 seitunr
222 3859 396 3957 estquod
420 3840 527 3934 trudit
550 3860 736 3936 Brunetns.

117 4030 121 4041 ·
212 3995 276 4060 Les
304 3993 399 4058 liures
427 3994 613 4077 historiques
645 3996 686 4061 28
708 4002 739 4059 et
769 3995 810 4061 29
830 4002 862 4058 et
892 3996 940 4060 les
961 3995 1173 4082 dogmatiquee

176 4098 204 4177 1,
225 4093 330 4161 need
351 4103 421 4159 sont
438 4095 528 4160 d’une
550 4096 682 4162 deriwre
702 4096 818 4180 rapide,
842 4103 997 4176 correcte,
1016 4099 1093 4162 mnis
1113 4115 1174 4181 peu

173 4195 333 4281 rigniiere
356 4202 387 4259 et
407 4204 538 4262 souvent
558 4196 682 4262 difficile
701 4198 720 4260 d
739 4195 808 4262 dire.
853 4197 897 4261 Ge
916 4200 998 4261 n’est
1018 4197 1174 4261 eertnine-

174 4305 262 4366 nent
288 4314 345 4382 pus
375 4296 533 4367 t’deritnre
561 4296 633 4367 d’uu
654 4296 842 4387 euiiigrnphe
872 4294 1120 4383 dependeretur,
1141 4301 1175 4361 et

51 4690 176 4871 k
223 4556 237 4697 ἶ
