2826 4990
258 252 335 337 toa
565 265 788 336 simoneni
818 263 1047 335 cunonis

259 428 295 495 τό
316 428 398 494 πάνυ
420 454 451 493 τι
471 429 645 514 κράτιστον,
662 404 710 505 αἱς
729 430 763 494 ἐν
782 435 850 505 ταῖς
872 428 989 514 ἀρχαῖς
1008 429 1070 493 τόν
1088 424 1246 512 ἡμετέρων
1262 429 1327 491 τόν·

262 533 296 595 δε
316 530 418 615 λόγων
438 526 515 614 ἡμῖν
540 528 581 593 τὰ
610 530 685 616 περὶ
713 530 809 594 αὐτοῦ
835 530 1027 616 πλατύτερον
1053 526 1196 614 εἴρηται,
1226 527 1330 592 πάντων

259 631 400 713 μάλιστα
432 637 576 697 πλεῖστον
609 628 846 717 ἀντειστνεγκών
875 628 955 717 iniq
987 629 1150 713 εὐσεβείας
1176 628 1228 696 τόν
1241 631 1335 711 ζῆλοι,

259 730 314 795 καί
346 731 531 816 ἀπιστήσας
564 740 630 809 τοῖς
650 733 719 799 τότε
753 731 833 799 κατὰ
859 735 921 797 τοῖν
942 734 1039 798 θείων
1071 731 1203 796 εἰκόνων
1224 737 1339 813 μανεῖσι

259 831 435 917 τυράννοις,
460 831 516 920 ὕφ’
539 825 583 898 όν
604 834 659 898 καί
678 834 713 899 τὸ
736 834 908 919 πρόσωπον
926 835 1107 919 γέγραπταί
1115 857 1150 897 τε
1172 830 1360 911 studiosus-t

258 957 313 996 ται
342 933 399 997 καί
416 956 473 1017 την
493 935 676 1019 ἐπωνυμίαν
690 936 720 998 Γ
721 936 983 1019 ραπτὸςιὲκεῖθεν
997 933 1125 1019 κληθείς
1146 932 1343 1017 ἀπηνέγκατο,

259 1033 423 1108 πλείσταις
443 1034 502 1116 μὲν
522 1035 577 1099 καί
598 1031 709 1112 ἄλλαις
729 1033 832 1121 ἱεραῖς
859 1033 957 1098 αὐτοῦ
976 1036 1099 1117 βίβλοις
1118 1033 1178 1117 τὴν
1197 1035 1253 1096 τοῦ
1275 1031 1344 1095 θεοῦ

259 1131 425 1215 ἐκκλησίαν
443 1133 636 1218 κεκόσμηκε,
666 1135 805 1218 μάλιστα
826 1136 854 1199 δ’
877 1126 928 1208 αἷς
946 1132 1026 1197 κατὰ
1052 1137 1113 1198 ταῖν
1135 1131 1345 1215 εἰκσνομόχων

258 1215 399 1311 eboni,
426 1241 491 1309 τοῖς
513 1235 757 1320 συγγράμμασιν
784 1232 981 1319 ε’ντνγχίωων
1003 1236 1059 1298 τοῦ
1085 1234 1154 1299 τότε
1182 1232 1224 1298 τά
1244 1235 1345 1317 πρῶτα

258 1333 409 1419 φέροντος
438 1334 472 1397 ἐν
499 1336 603 1420 λόγοις
634 1335 769 1417 ἀσεβοῦς
794 1333 966 1417 Εὗσεβιόυ·
1021 1336 1055 1398 ἐν
1083 1328 1134 1411 αἷς
1156 1335 1251 1399 τότε
1272 1329 1379 1396 illiso

192 1433 312 1505 43καί
325 1433 402 1521 τάδε
417 1437 558 1513 διέξεισι.
598 1436 883 1518 κατακομψεόεται,
906 1435 1016 1520 φησίν,
1037 1434 1195 1517 Εὐσέβιος
1214 1435 1269 1498 ἐπί
1285 1433 1347 1519 φάς

137 1541 249 1602 titis.
259 1528 395 1619 ἄρρητον
417 1534 473 1599 καί
494 1533 715 1619 ἀνεκδιὴγητον
735 1535 790 1599 καί
809 1539 855 1621 τῷ
874 1537 943 1621 θεῷ
974 1534 1055 1622 λόγῳ
1077 1535 1203 1621 πρέπον
1224 1532 1279 1617 την
1298 1533 1347 1597 τοῦ

258 1635 371 1700 δοόλσυ
392 1638 654 1720 μεταβεβλῆσθαι
670 1634 800 1722 μορφὴν
818 1637 851 1700 ἐν
864 1633 1011 1722 equ-ipe,
1034 1639 1104 1725 φῶς
1121 1633 1206 1719 ὅπερ
1226 1634 1346 1720 ὀφθαλ-

256 1734 317 1820 μός
339 1735 395 1802 osis
418 1730 483 1800 εἶδε
503 1735 559 1800 καί
577 1729 632 1812 σός
653 1735 708 1800 οὐκ
729 1732 846 1820 ἤκουσε
866 1735 922 1800 καί
943 1736 998 1800 ἐπί
1016 1739 1154 1821 καρδίαν
1177 1734 1344 1821 desipuisses

257 1837 313 1903 οόκ
335 1838 442 1924 ἀνέβη.
495 1837 550 1902 καί
579 1834 678 1919 ὁμὲν
708 1836 864 1920 Εὐσεβίου
894 1837 985 1922 λόγος
1016 1839 1158 1915 τοιοῦτος
1179 1837 1238 1901 καί
1257 1832 1376 1907 οὕτωςϋ
1404 1874 1405 1943 η

256 1937 360 2020 ἔχων,
393 1938 449 2004 καί
480 1936 516 2003 τό
551 1942 615 2003 πᾶν
637 1937 723 2024 αὐτῷ
746 1938 884 2002 ἐνταῦθα
920 1940 976 2022 τῆς
997 1936 1147 2021 ἀσεβείαις
1168 1938 1343 2023 ἐξήρτηται·

256 2036 331 2103 dnos
350 2041 379 2103 d'
401 2037 488 2122 αὐτῷ
523 2037 615 2123 φόρει
646 2036 687 2101 τά
707 2041 763 2121 τῆς
791 2040 900 2121 καινῆς
928 2038 1042 2123 ταύτης
1064 2040 1281 2111 διδασκαλίας
1299 2031 1346 2096 κατ’

198 2198 206 2213 ,
254 2139 310 2201 τοῦ
326 2138 491 2221 δόγματος,
507 2134 618 2212 οός·ἔνι
634 2137 786 2220 μάλιστα,
808 2137 1045 2222 συντομώτερον
1061 2137 1278 2221 σκεψόμεθα,
1297 2133 1344 2199 καὶ

256 2226 364 2313 όπόῖος
388 2234 426 2319 δὴ
448 2236 504 2301 καί
523 2234 608 2313 ὅστις
640 2234 659 2302 ό
680 2243 736 2322 τῆς
755 2241 931 2321 μεταβολῆς
961 2239 1088 2322 τρόπος,
1109 2238 1346 2318 ἐπισκέψασθαι

254 2335 495 2419 πειρασόμεθα.
538 2339 602 2402 πάν
621 2337 657 2402 τό
679 2337 954 2421 μεταβαλλόμενον
981 2337 1002 2424 ἢ
1028 2345 1095 2403 κατ’
1120 2337 1239 2404 οὖσιάν
1256 2354 1365 2419 perc-tt
1404 2392 1405 2421 ,

254 2429 415 2519 βάλλεται,
438 2433 458 2500 δ
480 2435 519 2521 δὴ
538 2439 614 2524 περί
631 2441 753 2524 γένεσιν
779 2438 835 2503 καί
861 2438 990 2526 φθοράν
1021 2442 1208 2525 θεωρεῖται,
1232 2433 1255 2521 ἢ
1275 2434 1347 2500 κατά

253 2536 365 2601 τιτῶν
383 2536 417 2601 ἐν
437 2536 535 2623 αὐτῷ,
554 2538 611 2603 καί
631 2541 721 2603 τοῦτο
742 2541 855 2619 διχῶς·
903 2537 1006 2626 ἢγάρ
1029 2537 1108 2604 κατὰ
1129 2536 1233 2603 ποσὸν
1255 2561 1344 2618 μετα-

254 2636 424 2721 βάλλεται,
443 2637 526 2703 καθά
555 2637 576 2723 ἦ
598 2635 732 2724 αὔξησις
752 2642 807 2703 καί
837 2637 1011 2725 ῆμτίωσις
1033 2643 1206 2718 δείκνυται,
1232 2632 1346 2724 ἢκατδ

254 2887 293 2941 cis
311 2887 499 2942 certaminibus
516 2889 630 2943 studium
649 2891 773 2957 ostendit,
791 2893 866 2945 utin
885 2893 1025 2961 principiis
1041 2892 1136 2945 horum
1154 2891 1286 2947 librorum
1304 2889 1343 2943 iu·

254 2960 310 3013 sias
331 2959 365 3012 de
383 2975 416 3012 eo
434 2960 512 3013 nobis
531 2961 628 3014 dietum
650 2971 705 3028 est,
730 2966 844 3016 omniurn
869 2965 1027 3016 acerrimum
1055 2973 1165 3031 propter
1189 2965 1344 3034 religionen

253 3032 366 3084 acinum
388 3031 508 3084 exhibuit
527 3040 554 3084 et
570 3035 690 3099 tyrannis
710 3034 759 3086 iilo
777 3043 897 3102 tempore
916 3035 950 3087 de
968 3037 1051 3088 sacris
1071 3030 1236 3104 imaqinibua
1258 3036 1345 3087 tmen

252 3102 324 3159 tibus
343 3104 477 3171 opposuit,
493 3119 509 3156 a
528 3103 623 3172 qulbus
642 3104 725 3156 iacies
746 3107 803 3159 eius
820 3107 954 3174 descripta
974 3115 1015 3159 est
1033 3115 1060 3159 et
1077 3108 1193 3174 depicta,
1213 3108 1285 3160 uude
1300 3105 1344 3158 is-

252 3175 345 3242 teripti
370 3189 466 3226 nomeu
494 3174 571 3240 tulit3
599 3188 678 3243 quum
704 3175 823 3244 plurimis
842 3176 902 3229 aliis
929 3177 1004 3230 libris
1032 3178 1076 3229 dei
1100 3177 1245 3230 ecclesiam
1270 3190 1344 3229 exos·

252 3247 337 3311 navit,
357 3253 411 3297 tutu
434 3248 473 3297 eis
491 3247 619 3309 maxime,
638 3261 706 3314 quos
724 3248 757 3299 de
775 3247 955 3301 iconomachis
980 3249 1077 3313 edidit3
1101 3249 1129 3300 in
1147 3248 1288 3302 historiam
1305 3248 1344 3298 ia·

253 3317 345 3370 cidens
366 3316 440 3369 iilius
465 3318 538 3384 impii
564 3317 689 3382 Eusebii,
715 3320 760 3387 qui
784 3320 811 3371 in
841 3320 890 3371 hac
925 3336 955 3373 re
980 3321 1090 3387 primum
1109 3320 1226 3372 obtinuit
1252 3320 1343 3378 locum,

254 3395 361 3456 praeter
379 3387 434 3440 alia
452 3388 519 3441 haec
539 3389 660 3441 disserit:
685 3390 755 3458 quod
780 3389 866 3442 lucem
885 3391 1019 3443 infandam
1039 3400 1066 3442 et
1085 3391 1303 3459 incupiicabileut
1320 3393 1345 3437 ei
1404 3392 1405 3429 i

254 3461 304 3512 deo
326 3459 409 3512 verbo
437 3459 568 3512 dicentem
596 3461 692 3512 attinet
709 3461 844 3514 illudendo
869 3463 973 3528 proiert
992 3462 1125 3516 Eusebius
1143 3464 1218 3515 serni
1241 3464 1343 3515 formasa
1404 3486 1405 3529 η

254 3540 425 3599 permutatam
453 3546 513 3584 esse
532 3532 559 3583 in
577 3539 686 3598 monte,
717 3532 803 3585 iucem
828 3548 904 3601 quam
927 3534 1018 3587 nulius
1046 3534 1140 3587 oculus
1164 3535 1249 3600 vidit,
1275 3530 1342 3585 aulis

254 3604 327 3655 auris
345 3604 466 3671 percepit
487 3611 513 3655 et
533 3605 646 3670 quaein
664 3602 770 3656 nullius*
784 3603 898 3657 hominis
916 3612 1010 3672 pectus
1029 3608 1112 3659 veuit.
1150 3605 1217 3657 haec
1239 3598 1343 3659 Euseiii
1404 3616 1405 3625 ¹

254 3674 356 3741 verba,
375 3674 471 3744 quibus
491 3681 571 3726 totam
590 3674 713 3728 haeresin
733 3678 889 3745 composuit.
926 3691 979 3744 quo
998 3692 1064 3729 vero
1081 3677 1123 3729 ilii
1141 3677 1211 3730 haee
1229 3677 1343 3729 doctius

255 3752 282 3796 et
299 3746 394 3815 dogma
412 3746 511 3810 flectat,
530 3761 606 3815 quam
625 3749 738 3800 maxime
757 3749 849 3816 paucis
869 3749 1005 3801 videamus
1026 3756 1052 3800 et
1070 3763 1139 3818 quae
1155 3747 1296 3817 qualisque
1311 3744 1344 3798 tii

255 3819 458 3882 permutationis
477 3819 544 3869 ratio
563 3818 712 3887 disquirere
731 3835 865 3871 conemur.
911 3834 989 3871 omne
1015 3820 1086 3889 quod
1112 3828 1277 3886 permutatur
1302 3821 1343 3867 aat
1404 3858 1405 3875 ι

254 3888 435 3940 essentialiter
453 3898 624 3956 permutatur,
645 3891 670 3943 ld
689 3892 759 3961 quod
776 3898 879 3959 spectet
894 3893 928 3944 ad
949 3899 1033 3943 ortum
1053 3900 1081 3943 et
1092 3906 1215 3943 occasum
1226 3900 1272 3943 aut
1283 3902 1341 3957 pes·
1404 3888 1405 3969 i

252 3955 413 4024 licuisriter‚
434 3975 503 4028 quae
521 3964 590 4014 ratio
609 3961 707 4030 duplex
726 3971 778 4015 est:
798 3972 845 4015 sut
865 3964 933 4014 enim
944 3963 976 4014 ad
991 3964 1162 4030 quantitatem
1175 3968 1342 4030 permutatur,
1404 3996 1405 4027 q

252 4036 282 4080 nt
300 4031 389 4080 auctio
412 4040 439 4083 et
458 4030 602 4087 deminutio
623 4040 669 4085 aut
688 4035 720 4087 ad
739 4036 901 4104 qualitatem,
921 4049 955 4085 ea
972 4050 1024 4102 qua
1042 4035 1214 4102 consequitur
1224 4032 1341 4087 uariatio-

253 4101 277 4153 si
295 4100 376 4169 igitur
393 4103 425 4154 ad
445 4102 597 4172 qualitatem
611 4113 756 4172 permutata
777 4115 826 4171 cst,
845 4105 956 4158 adducta
975 4112 1016 4158 est
1033 4106 1066 4158 sd
1075 4107 1260 4172 variationem,
1279 4112 1340 4173 quas

253 4180 296 4228 est
312 4173 509 4244 usustpumio
527 4178 689 4231 characteris
707 4177 821 4231 alicuius
840 4185 885 4229 aut
903 4176 931 4230 iu
958 4192 989 4230 re
1006 4178 1127 4233 subiecta
1143 4180 1255 4233 mutatio
1273 4179 1340 4232 iiuits

492 4706 1060 4938 A
