2842 4992
191 287 413 356 aimonius
441 288 699 355 ammirato
722 292 816 355 xxx.
836 272 1023 356 to-no.
1097 285 1169 355 νει

81 450 246 535 τόλμητιος,
263 450 452 527 άποστάσεις
464 454 524 531 μὲν
545 450 712 525 άνοοσόσος
728 445 878 535 θεότητος
895 450 923 513 d'
937 448 1176 525 ἀνυποστάτους

69 555 187 632 σέβων.

178 657 336 735 Τέταρτον
357 657 392 718 δὲ
422 649 473 717 ότι
499 653 555 716 κατ’
582 651 635 717 τόν
666 645 913 733 ἄνθρωπονκαὶ
944 650 997 715 τόν
1018 656 1109 715 λάθον
1130 654 1240 728 olel!
1294 658 1298 661 ’

82 752 254 837 lamnarum
270 758 388 839 φόρων,
410 754 465 820 κοτ’
487 753 671 836 ὁριζόμενος
693 755 806 818 ου’σόον
820 748 903 818 εἶναι
924 751 1002 833 μετά
1026 756 1089 816 τάν
1110 777 1176 837 φο-

59 857 171 929 decade
190 860 269 935 napi
289 855 389 941 αότην
410 856 582 939 ὁρωμένων
595 859 909 939 σολλαμβανομόνην,
931 850 1033 929 ἑάλως
1055 850 1100 919 ότι
1122 852 1178 919 κοτ’

82 953 323 1037 συμβεβηκότων
344 956 503 1041 σόλληψιν
524 950 607 1020 εἶναι
622 958 759 1033 νομίζων
781 955 839 1039 τὴν
860 958 952 1019 θείαν
975 954 1095 1039 ἐκείνην
1117 957 1175 1019 ον’-
1186 975 1205 1030 t,
1216 975 1302 1032 1361,

82 1054 148 1117 σιόο
169 1047 278 1136 ὥσπερ
300 1055 432 1119 uinitori
461 1056 697 1139 προβληθέντος
717 1079 767 1118 σοι
791 1059 902 1134 λίθον,
924 1053 1023 1136 βάρος
1045 1054 1176 1137 ψυχρά·
1278 1116 1282 1125 ,
1330 1129 1341 1148 ⁶

80 1176 151 1236 τητο
170 1155 289 1237 χράμο
313 1161 414 1240 μῆκος
437 1154 552 1232 πλάτος
572 1157 628 1218 καί
646 1154 763 1239 βάθος,
786 1155 841 1220 κατ’
859 1148 917 1220 όσο
937 1159 1069 1221 τοιαῦτα
1092 1166 1175 1222 νοεῖν

80 1250 214 1335 ἔχοντες,
237 1253 379 1337 ἔχοντος.
424 1251 516 1321 isui
533 1261 591 1321 τοῦ
612 1259 769 1337 προτέρου
791 1264 899 1339 χεῖρον
921 1252 967 1330 εἰς
990 1255 1133 1321 άτσπιόν.

47 1359 75 1413 1⁰
173 1357 244 1419 Κατ’
257 1357 402 1427 πέμπτον
418 1348 546 1435 dranus,
571 1350 618 1421 ότι
640 1359 695 1420 κατ’
713 1360 856 1436 βεβαιοῖς
872 1353 931 1437 την
950 1352 1008 1438 σην
1031 1355 1241 1437 άμοθιόνιο
1315 1370 1330 1390 ·

80 1455 128 1516 sai
148 1456 325 1519 πολυθεΐον
347 1456 401 1520 διά
425 1459 479 1537 τῆς
501 1454 581 1538 πρός
602 1449 659 1519 τόν
677 1459 778 1536 μέγαν
800 1452 995 1520 Ἀθανάσιον
1010 1479 1176 1541 συκοφαν-

82 1558 152 1628 τίας.
196 1551 251 1618 ἐπὶ
275 1552 336 1637 γάρ
360 1552 393 1618 ἓν
416 1559 529 1631 ἐκεῖνος
551 1553 635 1637 ἔχειν
658 1559 740 1639 φησί
760 1552 817 1638 την
838 1554 1005 1638 ἀναφοράν
1025 1554 1065 1619 τά
1087 1551 1173 1621 οότω

82 1652 171 1717 πολλά
190 1655 256 1718 τοῖν
283 1654 445 1735 άνομάτων
468 1658 605 1736 ἐκείνων,
628 1651 730 1721 εἴτσυν
745 1652 801 1740 τὴν
823 1647 956 1719 σάσάαν·
998 1653 1039 1719 σά
1063 1659 1091 1719 d'
1114 1658 1172 1719 σάοι

83 1742 281 1839 'minu-sosoi
316 1760 456 1822 σεαυτοῦ,
488 1759 624 1836 κομίζων
654 1750 688 1819 όν
721 1749 801 1839 ὑπὲρ
825 1759 965 1820 σεαυτοῦ
986 1753 1172 1835 κεκόμικας·

49 1849 175 1928 inuitur
210 1854 345 1938 σ’μαθης
373 1850 405 1919 εἶ
435 1857 489 1919 καί
514 1852 601 1936 μάλα
635 1856 789 1938 α’γρσῖιιος.
843 1849 911 1919 εἶτα
931 1855 987 1919 καί
1007 1845 1173 1933 άθρσισμα

83 1956 154 2033 λόγοι
175 1946 240 2019 καό
252 1956 412 2037 πλήρωμα
436 1955 584 2040 θεότητος
604 1958 706 2020 τοῦτο
729 1958 847 2034 οάτός,
871 1954 910 2016 ori
928 1952 992 2036 μην
1015 1951 1173 2035 θεοτὴτων

82 2055 131 2133 τῆς
150 2054 261 2129 οάσίσς
282 2053 448 2138 διαφόρων
468 2052 550 2118 κατά
573 2058 609 2120 σὲ
626 2055 681 2119 καί
705 2049 862 2136 αλλήλων.
905 2056 971 2127 ποός
991 2050 1050 2135 γάρ
1071 2047 1105 2126 ός
1120 2050 1175 2116 ε’τιό

82 2153 207 2220 &suiad
228 2155 288 2238 τὴν
312 2157 481 2239 άνοφορον
503 2154 588 2236 ἔχειν
609 2161 698 2240 φησί,
728 2152 848 2240 diploide}
871 2155 928 2238 τήν
947 2153 1071 2218 ου’σόαν.

160 2248 246 2321 Ἔστι
270 2257 348 2320 κάπί
368 2256 491 2331 τοάτοις
510 2258 598 2320 ἕκτον
619 2249 752 2337 άτοπον,
785 2252 835 2320 ότι
856 2260 909 2321 κοί
930 2251 985 2319 τόν
1007 2259 1095 2319 θεῖον
1110 2278 1172 2319 σο·
1184 2275 1242 2328 η

49 2356 477 2441 2⁰aopunsictransnatamus,
500 2357 541 2433 ὥς
563 2361 729 2443 προϊοῦσιν
745 2356 821 2441 ἡμῖν
834 2354 993 2442 εἰρήσεται
1014 2359 1069 2420 κατ’
1092 2356 1172 2419 ον’τό

82 2458 273 2543 πλατύτερον.
294 2461 503 2543 δειχθήσεται
514 2457 575 2544 γάρ
591 2458 625 2524 τό
635 2462 881 2545 χορακτηρόζειν
896 2460 941 2546 τῷ
952 2453 1173 2542 dispensum}

90 2772 157 2824 etiarn
173 2772 326 2838 mulmrmu,
346 2772 414 2826 illud
432 2772 478 2826 hio
495 2788 602 2843 quoqne
630 2788 709 2826 ausus
735 2788 764 2825 es
784 2772 895 2836 dicero,
921 2786 981 2822 eum
1000 2776 1027 2822 ot
1044 2768 1169 2823 substau-

88 2842 131 2894 tias
147 2846 279 2897 essentiae
300 2852 327 2897 et
345 2845 500 2898 divinitates
521 2845 684 2898 substantiae
704 2851 826 2912 expertus
847 2842 996 2894 venereris.

174 2941 301 3006 Quartum
329 2957 388 2992 cum
419 2950 446 2994 et
469 2941 577 2994 homino
602 2950 629 2994 et
647 2942 736 3009 lapide
755 2938 884 3007 exemplis
913 2937 996 2989 utaris
1015 2944 1043 2988 et
1056 2944 1171 2988 conten.

87 3008 141 3072 dns,
168 3014 311 3065 essentiam
331 3012 520 3080 comprehendi
548 3030 606 3064 cum
626 3014 678 3079 iis,
703 3028 771 3083 quae
790 3015 817 3064 in
844 3026 876 3062 ea
896 3015 1039 3061 cernantur
1056 3007 1170 3058 naturali

88 3080 163 3145 nudo,
180 3083 365 3152 deprehensus
385 3101 414 3136 es
433 3099 513 3152 porro
534 3086 646 3136 credens
665 3085 840 3136 accidentium
862 3095 969 3149 quoque
991 3077 1169 3144 comprehen-

87 3151 175 3204 sionem
193 3169 254 3206 esso
273 3154 347 3207 illurn
366 3156 507 3207 essentiam
526 3157 653 3220 divinam,
674 3155 750 3207 velut
768 3153 900 3220 inlupido
918 3168 932 3203 a
952 3159 979 3202 te
997 3150 1105 3211 iactato,
1124 3149 1169 3215 qui

89 3224 242 3290 puritatem,
262 3226 357 3296 frigus,
378 3226 507 3290 colorem,
527 3227 737 3296 longitudinem,
756 3223 922 3277 latitudinem
949 3219 1169 3287 altitudinemque

89 3300 110 3342 tt
125 3310 296 3363 quaecuuque
324 3298 452 3350 eiusmodi
477 3299 590 3368 cogitari
615 3305 742 3366 possunt,
769 3297 910 3359 continet,
939 3294 966 3346 id
994 3291 1064 3361 qnod
1090 3291 1169 3342 etiam

89 3363 154 3427 peius
171 3375 211 3419 est
229 3366 343 3420 stultitia
360 3370 459 3436 priore.

171 3455 204 3507 lit
222 3457 343 3525 quintum
372 3456 479 3508 stultum
508 3457 594 3521 illud,
620 3459 689 3525 quod
718 3458 795 3509 etiam
823 3456 963 3508 eoudrmus
991 3449 1166 3520 ignorantiam

90 3526 148 3573 luam
167 3535 193 3577 et
211 3525 354 3579 multorum
373 3529 519 3581 doctrinam
546 3530 654 3593 deorum
680 3528 856 3595 perversione
880 3527 1010 3578 dictorum
1029 3518 1168 3575 Athanasii

91 3596 174 3661 mgni.
210 3599 242 3650 ad
261 3613 341 3649 unum
360 3600 429 3650 euius
455 3598 503 3651 ille
523 3601 587 3652 dicit
605 3600 701 3651 relorri
728 3598 775 3650 illa
792 3607 832 3650 tot
853 3598 970 3658 uomina,
991 3593 1114 3644 nimirum
1136 3588 1169 3640 ud

91 3667 227 3720 utendam.
265 3677 294 3720 tu
315 3679 401 3722 autem
421 3671 572 3738 imprudens
592 3678 729 3722 contrata
753 3669 865 3721 attulisti
887 3681 964 3736 quem
985 3677 1033 3731 pro
1053 3670 1079 3713 te
1097 3659 1169 3713 alla.

92 3738 150 3787 ttius
170 3754 235 3791 eras.
272 3748 325 3790 tam
346 3741 418 3793 rudis
449 3757 478 3792 es
499 3751 526 3794 et
544 3741 623 3795 vaide
649 3740 773 3793 incultus.
817 3739 913 3792 deinde
942 3743 969 3787 et
987 3734 1123 3785 materiem
1144 3739 1171 3783 et

91 3807 254 3871 expletionem
278 3808 427 3864 divinitalis
453 3811 521 3864 haee
545 3814 602 3879 ipse
632 3814 769 3876 nominat,
793 3825 847 3862 uon
875 3817 963 3860 tamen
991 3805 1170 3867 divinitatum,

90 3888 145 3939 qaae
159 3879 191 3931 ab
210 3882 337 3947 essentia,
355 3890 384 3934 ut
402 3891 431 3935 tu
450 3884 502 3947 vis,
524 3892 550 3935 et
569 3885 639 3936 iuter
658 3900 687 3935 se
706 3883 837 3946 differant,
857 3877 988 3949 quomodo
1016 3877 1086 3928 euim
1106 3875 1170 3928 talia

90 3943 164 3999 lisera
183 3954 275 4019 possit,
293 3954 339 4020 qai
356 3954 389 4005 ad
408 3969 487 4005 unum
506 3955 553 4005 illa
573 3955 669 4006 referri
687 3955 763 4018 dicit,
782 3953 904 4004 nimirum
922 3950 955 4002 ad
975 3950 1126 4001 essentium.

181 4045 226 4098 list
245 4055 331 4099 antem
350 4056 491 4114 praeterea
510 4057 612 4101 sextum
634 4047 741 4102 stultum
761 4044 844 4111 illud,
871 4045 942 4114 quod
966 4044 1084 4095 divinum
1103 4055 1173 4109 quo.

103 4124 147 4177 tto
174 4118 318 4170 criminaris
336 4118 540 4185 liamascenum,
567 4122 636 4188 quod
662 4127 689 4170 et
717 4119 802 4186 ipsum
821 4115 927 4185 planius
945 4114 1055 4167 anobis
1084 4117 1177 4177 postea

94 4180 204 4239 iterna
246 4186 572 4259 demonstrabitor'unim,
596 4191 747 4259 significare
767 4197 794 4240 et
821 4189 928 4242 diiierre
946 4199 999 4239 uon
1020 4197 1080 4235 esse
1099 4181 1176 4244 idem,

1159 4582 1295 4959 η
