2868 4998
241 310 463 379 amomon
491 309 748 379 anmantuus
762 312 856 376 axv.
876 296 942 379 to.
966 295 1032 380 tt.
1122 298 1169 377 ts

84 477 186 557 ριιίιαι
205 476 266 555 εής
288 473 386 557 νήσου
408 472 516 555 κοίμος
537 475 592 538 καί
613 479 770 547 πολιτείας
793 478 848 538 καί
874 473 980 550 πόλεις
999 478 1172 561 γεγένηται.

83 573 131 639 καί
147 578 206 653 μὲν
229 572 272 659 δή
300 572 356 638 καί
377 573 522 657 δδεοίμην
541 575 574 638 τύ
610 578 672 639 πᾶν
694 578 764 641 ἐκεῖ
779 581 869 658 γένος
893 580 949 658 τής
970 577 1077 660 νήσου,
1092 574 1175 640 Ῥυν-

81 678 185 755 μείους
210 666 322 753 ὄντας,
353 674 449 762 σ’λίμιρ
481 678 544 740 δίον
574 679 692 758 λέγειν,
724 676 780 740 καί
810 675 868 758 τήν
889 679 943 759 τής
966 675 1100 758 πατρίου
1120 677 1175 739 πί-

84 799 170 851 οεεας
199 775 369 855 εύσίβειαν
387 780 522 857 βεβαίαν
550 780 584 841 ίκ
604 777 757 859 διαδοχῆς
779 777 831 842 οἶοί
857 778 1079 860 κεκτημένους·
1123 775 1178 839 καί

64 892 131 958 ομιτ
148 880 333 965 βουλομένῳ
348 900 383 958 γε
403 870 443 959 ήν
458 881 585 942 πλείονα
595 873 712 960 χρόνον
725 881 793 941 ἐκεῖ
809 878 1047 961 διατετριφέναι
1067 880 1175 941 πλείο-

83 1001 127 1053 ιις
154 977 244 1042 ἕνεκα
270 980 296 1016 ”
316 981 371 1042 καί
399 982 590 1060 εελιοοτδρας
620 982 685 1043 εοὸν
711 981 780 1043 iusi
805 978 1001 1062 πραγμάτων
1023 974 1205 1061 insontem.
1225 992 1313 1054 lon.

82 1080 141 1142 αλλ’
162 1078 320 1163 ,ρ’νεσύβεε
349 1102 404 1158 μοι
435 1076 492 1160 τήν
525 1079 679 1163 βούλησιν
708 1077 725 1141 o‘
758 1081 929 1164 τηνικαῦτα
958 1078 1175 1159 μελπόμενος

86 1176 218 1261 θόρυβος
244 1181 311 1263 τῶν
325 1201 359 1242 τε
382 1176 486 1243 ὅπλων
507 1178 561 1243 καί
582 1182 645 1241 τοῖν
668 1180 979 1262 ε’κεῖστραειοοτικιύν
1000 1178 1177 1259 δυνάμεων.

84 1270 118 1360 ήι
134 1273 193 1359 yolo
228 1276 247 1358 ή
272 1281 367 1358 νήσος
397 1280 432 1343 ἐκ
460 1282 581 1341 πολλοῦ
614 1286 798 1362 συμφοραῖς
820 1278 1052 1362 ε’ντετυχηκυῖα,
1072 1279 1113 1341 δι’
1137 1271 1176 1354 ὃς

52 1384 262 1452 caesaraug
285 1373 393 1451 ὅπλοις
413 1377 616 1443 δουλεύουσα
640 1381 682 1466 τῷ
700 1383 755 1463 τῆς
777 1382 929 1454 Βενετίας
952 1374 1095 1461 ύπίκυψε
1115 1381 1176 1462 δη-

11 1556 12 1585 ,
82 1480 173 1566 μοσίφ
193 1456 428 1561 προσεύγμαῖι.
472 1474 545 1562 ύρτι
567 1483 672 1546 τοίνυν
694 1479 803 1565 φήμης
823 1484 971 1564 χεδείσης
993 1482 1047 1545 ε’πί
1070 1480 1176 1545 πᾶσαν

84 1571 204 1661 ήκειρύν
223 1602 260 1643 τε
284 1582 341 1643 καί
354 1583 449 1660 νήσου
473 1578 516 1654 ὥς
539 1578 567 1645 οἱ
583 1579 617 1645 τύ
632 1584 663 1645 Γ
661 1581 871 1664 αλατοίνυμον
893 1582 1051 1655 οἰκοῦντες
1072 1581 1175 1667 φρού-

11 1680 12 1765 ,
83 1699 142 1760 ριον
162 1679 381 1761 δστυγείτονες
403 1681 434 1744 Γ
431 1690 601 1761 εννουῖται,
624 1680 943 1765 παρασπονδήσαντίς
963 1703 995 1744 τε
1019 1683 1075 1746 καί
1094 1683 1176 1745 ίπα-

11 1770 13 1851 3
84 1778 244 1852 ναοτύντες
265 1788 331 1853 τοῖς
344 1780 543 1860 Βυζαντίοις,
557 1784 642 1866 σφᾶς
653 1805 685 1846 τε
708 1782 974 1864 ναυμαχήσαντες
995 1779 1174 1864 νενικήκασι

11 1922 12 1933 r
53 1883 128 1942 lissi
147 1876 215 1959 ἅμα
238 1878 406 1964 θαλάσσης
429 1878 503 1964 ὅλης
526 1881 695 1963 ἡγεμονίαν
716 1882 981 1963 ω’νειροπόληοαν,
1002 1880 1045 1955 ὥς
1064 1883 1175 1963 μηκέτι

84 1977 151 2062 μήτε
178 1979 355 2055 καθεκτούς
391 1974 472 2045 εἶναι
501 1980 581 2064 μήτε
609 1984 673 2063 μήν
704 1977 773 2045 οὐδ’
802 1977 977 2064 ὁμοφύλοις
1001 1976 1050 2044 ἔτι
1069 1984 1176 2060 μένειν

11 2086 13 2129 l
85 2079 268 2155 λεστύνδους
290 2083 428 2161 ἐθάλεον,
459 2079 539 2146 α’λλύ
570 2079 711 2165 σκληρὰν
740 2080 796 2145 καί
823 2072 888 2144 οἷον
909 2083 1008 2145 εἰπεῖν
1027 2074 1177 2163 ήγιμονι-
1210 2136 1223 2155 ,

84 2174 133 2260 κήν
151 2178 209 2263 τήν
244 2177 352 2264 α’φρύν
379 2178 460 2246 κατοὶ
483 2181 610 2246 πύντοον
641 2175 712 2245 ὅσοι
740 2178 912 2245 θαλάττιον
932 2182 1086 2261 βόσκουσι
1107 2178 1176 2261 βίον
1272 2190 1279 2195 “

85 2277 366 2361 hosammont,
388 2284 595 2365 τοραχθήναί
620 2306 654 2348 τε
678 2276 733 2361 οὖν
756 2278 892 2361 πολλούς
921 2278 974 2346 διδ
998 2281 1099 2348 ταῦτα
1121 2281 1178 2346 καί

54 2377 202 2447 naissum
222 2379 366 2463 μα’λιστα
387 2377 586 2463 Βενειικούς,
606 2382 748 2466 μεγάλας
768 2385 828 2461 μὲν
851 2382 1017 2465 ἐξορούειν
1039 2386 1073 2447 δν
1092 2386 1177 2465 βρα-

87 2487 133 2560 χεῖ
149 2480 300 2555 νουτικύς
322 2484 519 2564 δυναμένους
539 2484 709 2564 δυνύμεις,
726 2488 809 2565 μέγα
832 2485 867 2548 δδ
898 2480 951 2546 διδ
977 2486 1069 2547 τοῦτο
1093 2503 1178 2569 φρο-

87 2588 141 2643 etis
161 2577 306 2666 ἔχοντας,
328 2578 438 2648 ἔπειτα
462 2583 549 2668 παρὰ
581 2582 675 2664 δόξαν
705 2580 757 2648 ύπ’
780 2585 908 2649 ἐκείνων
930 2576 991 2668 ήδη
1012 2586 1178 2666 κοολυομί-

89 2701 152 2756 νοις
170 2686 201 2758 le
230 2681 290 2750 τὸν
321 2676 387 2749 ὅνοο
411 2687 510 2752 τύπον
541 2686 597 2751 καί
619 2683 677 2770 τήν
701 2688 852 2751 Mettius
876 2689 931 2750 καί
959 2683 1018 2760 τοὶς
1045 2682 1177 2767 ἐκβολὰς

91 2931 177 2987 vitatos
193 2934 333 3006 mucrone
354 2952 433 3006 quum
452 2938 561 3002 adirem,
581 2944 665 2990 totam
682 2951 769 3008 genas
788 2936 942 3003 hominum,
968 2937 1038 3005 quot
1062 2935 1176 2989 insulam

91 3002 181 3071 incolit,
797 3009 930 3063 Romanos
950 3022 1010 3060 csse
1029 3016 1055 3062 et
1073 3008 1176 3077 patriae

12 3068 14 3173 ή
91 3073 143 3127 liel
161 3078 289 3146 pietatem
308 3093 323 3129 a
347 3080 491 3133 maioribus
514 3097 599 3150 usqne
624 3080 746 3133 traditam
770 3088 923 3133 constanter
950 3082 1018 3133 tucri
1048 3080 1174 3150 cognovi.

12 3176 13 3187 ι
91 3145 145 3197 nili
162 3151 268 3217 quidem
289 3150 316 3201 ia
335 3152 422 3203 animo
443 3160 516 3216 erat,
534 3167 586 3220 quo
606 3152 762 3221 diligentius
782 3161 809 3204 et
826 3153 975 3203 accuratius
1002 3151 1107 3205 insulas
1132 3167 1175 3202 ros

12 3210 14 3297 3
92 3216 258 3284 explorarem,
277 3220 386 3290 longius
404 3222 442 3274 ibi
460 3229 564 3290 tempus
584 3225 757 3286 commorari3
776 3225 822 3276 scal
842 3223 874 3274 ab
894 3223 945 3274 hoc
965 3225 1103 3292 proposito
1124 3222 1176 3275 tle.

12 3300 14 3371 η
93 3288 197 3343 tarium
215 3308 275 3345 sum
293 3308 423 3345 armorum
444 3292 620 3362 militumque,
640 3296 685 3364 qui
704 3301 757 3346 tum
776 3293 973 3362 ibiparabatur‚
988 3295 1111 3347 tumultu.
1131 3296 1175 3346 in.

93 3357 142 3409 sala
158 3364 225 3414 enim
248 3364 299 3414 iam
319 3365 363 3415 diu
383 3366 409 3415 in
436 3365 600 3417 calamitates
626 3366 774 3431 inciderat,
801 3373 912 3434 propter
937 3382 1002 3435 quas
1023 3367 1174 3419 Latinorum

13 3394 15 3519 3
93 3432 288 3487 musmones·
307 3434 426 3487 Venetae
446 3437 612 3503 reipublicae
641 3439 753 3506 imperio
778 3453 808 3488 se
831 3437 961 3488 submisit.
1010 3454 1089 3506 quum
1108 3450 1174 3491 vero

94 3502 158 3554 οοδο
176 3520 259 3574 super
277 3514 359 3557 totam
378 3508 560 3559 continentem
582 3516 608 3559 et
627 3508 740 3561 insulam
760 3523 849 3560 rumor
868 3508 1004 3574 dispersus
1027 3516 1107 3572 esset,
1120 3507 1175 3559 Ge..

13 3534 15 3639 3
93 3584 204 3639 uteres,
222 3578 270 3645 qui
291 3576 400 3630 Galatae
419 3586 512 3631 tenent
531 3578 670 3631 castollum
690 3580 718 3631 iu
737 3579 809 3631 urbis
827 3579 977 3640 vicinitate,
999 3578 1108 3628 loedere
1127 3592 1175 3627 ru-

13 3656 14 3659 ’
94 3648 133 3706 lit
150 3653 175 3696 tt
190 3647 345 3700 rebellione
366 3649 436 3701 laeta
453 3650 599 3717 Byzantios
618 3649 723 3718 proelio
742 3649 832 3702 navali
851 3650 952 3701 vicisse
972 3655 999 3697 et
1017 3648 1099 3698 totius
1117 3663 1176 3700 ma-

13 3674 15 3773 3
96 3712 126 3762 rit
142 3716 277 3784 imperium
299 3722 451 3785 somniare,
477 3730 506 3773 ut
524 3737 613 3792 neque
632 3722 753 3773 coerceri
773 3729 884 3788 possent
902 3732 991 3786 neque
1010 3733 1045 3769 ne
1064 3718 1175 3772 loedere

96 3785 186 3847 mitem
204 3806 264 3841 cnm
284 3790 460 3860 popularibus
478 3794 570 3845 iuncto
589 3802 660 3845 stare
672 3790 785 3854 vellent,
806 3791 853 3842 sed
871 3788 986 3856 superba
1004 3791 1132 3859 quaedam
1149 3799 1177 3842 et

97 3860 120 3903 tt
136 3857 168 3911 ita
186 3860 272 3913 «lienus
298 3864 469 3929 imperatoria
489 3863 633 3930 supercilia
659 3865 788 3916 adversus
815 3875 929 3926 omnes,
949 3862 994 3930 qui
1019 3863 1176 3915 maritimam

13 3928 14 3939 ¹
96 3937 165 3991 ψει
183 3932 274 3997 vitam,
293 3948 359 3999 praa
377 3950 407 3985 ιο
427 3935 537 3998 ierreat,
560 3935 610 3987 hae
629 3952 659 3987 ro
680 3943 707 3985 ct
725 3933 772 3984 ulii
792 3931 866 3991 multi
888 3932 1038 3985 conturbati
1067 3941 1128 3986 sunt
1149 3941 1177 3984 ot

13 4006 15 4033 r
97 4002 223 4068 tuscanus
234 4002 341 4068 Veneti,
361 4005 417 4073 qui,
435 4020 591 4074 quamquam
604 4007 679 4059 brevi
695 4013 815 4073 tempore
833 4020 942 4073 magnas
956 4007 1048 4073 coplas
1064 4004 1176 4058 navales

13 4094 14 4099 ν
99 4078 212 4124 tttmra
231 4082 313 4143 atque
333 4075 433 4127 idcirco
454 4076 522 4128 haud
543 4079 692 4130 mediocres
711 4077 762 4129 sibi
780 4076 1014 4143 spiritussumere
1033 4083 1175 4143 poterant,

100 4140 257 4210 inparem
281 4146 436 4213 opinionem
454 4147 487 4200 ab
508 4147 564 4202 lllls
591 4152 642 4202 iam
660 4149 892 4218 impediuerant,
917 4149 1057 4218 quominus
1075 4148 1104 4199 in
1127 4160 1175 4199 ια-

100 4211 202 4270 mm
219 4218 350 4293 ηηίοοοι
369 4226 397 4271 et
413 4216 502 4282 lacurn
518 4220 677 4275 llaeotilsm
705 4229 732 4273 et
756 4219 789 4274 ad
814 4221 885 4274 ostia
902 4219 1025 4274 turtula
1053 4229 1102 4285 ιιιο
1127 4226 1175 4265 οπο
