2868 4998
254 302 309 377 Ὠ
574 308 799 377 memnoni
830 305 1064 375 GREGORAE

256 469 412 546 διαλιξιις
442 468 638 550 ποιεόμενος.
682 465 765 534 ὥστε
791 473 847 534 καί
873 469 1006 550 Κόπρον
1027 467 1146 549 μικροό
1178 468 1286 530 πεῖσαν
1310 467 1368 537 εἰς

113 596 117 601 .
190 576 244 629 n
256 562 357 649 όμνστ
378 567 433 633 τόν
453 570 511 635 σόν
533 566 731 656 ἀνηρτήσατο
760 573 816 634 κατ’
836 566 976 653 κήρυκας
1003 572 1148 649 πέπραχε
1168 565 1258 640 σοός,
1280 566 1367 647 πρῐν

254 664 393 744 όκεένους
413 670 493 735 ἰδεῖν
513 693 544 735 τι
566 673 629 734 τεόν
650 673 725 734 σοῖν.
750 664 836 733 οότω
856 692 891 751 γε
912 666 977 749 μῆν
999 667 1125 749 καὶτῆς
1145 686 1180 747 γε
1201 667 1259 747 σῆς
1282 666 1366 727 iae-

254 764 353 849 θόμει
374 773 453 844 θέας
476 775 531 836 καί
553 771 680 850 ὁμιλίας
699 779 819 851 τυχεῖν,
844 771 899 833 καί
919 764 1003 832 σότω
1021 768 1083 831 τιόν
1109 766 1261 831 τοιοότωτ
1281 760 1365 839 όλος

257 870 394 953 έγίγνετο
416 874 574 953 λογισμῶν
594 869 716 954 νόκτωρ
740 871 794 934 καί
812 874 889 951 μεθ’
908 867 1040 951 ἡμέραν,
1063 859 1146 930 ὥστε
1162 865 1217 929 καί
1237 857 1395 948 πόχετοδ

254 968 298 1053 μό
320 969 475 1053 πρότερον
495 971 567 1053 μήτ’
591 973 708 1035 ἐκεῖνον
728 970 810 1054 μήτε
831 975 868 1035 σὲ
891 975 1003 1033 θανεῖν
1025 966 1099 1051 rapis
1122 964 1156 1042 ές
1181 969 1364 1046 Βυζαντίον

254 1068 374 1135 iasine
396 1070 561 1155 α’φῖχθσι,
589 1069 688 1135 πόλει
707 1074 800 1136 τοῦτο
833 1072 1029 1154 βουληθέντα
1055 1067 1111 1131 καί
1127 1065 1364 1151 μελετήσαντα,

253 1168 353 1253 μόνης
372 1168 464 1233 ἕνεκα
482 1175 559 1245 θέας
580 1175 634 1236 κατ’
648 1172 775 1252 όμιλέας
794 1176 851 1254 τῆς
872 1175 940 1252 σῆς.
965 1162 1065 1244 οὕτως
1085 1168 1219 1252 όποόιγτα
1239 1160 1278 1248 ἦν
1300 1168 1367 1231 καί

256 1267 410 1353 ελλικρινῆ
420 1270 455 1335 τό
473 1271 627 1353 παράπαν
640 1270 696 1336 rial
709 1269 748 1336 τό
765 1275 887 1335 ἐκείνου
901 1270 982 1350 πρός
993 1276 1041 1351 σέ,
1053 1269 1110 1334 καί
1121 1270 1215 1333 ου’δέν
1226 1267 1365 1355 οόδαμῇ

254 1376 474 1451 πεπλασμένον
486 1365 564 1454 ἦθος
579 1370 803 1437 ένεκεκόλυπτο
817 1380 881 1445 τοῖς
900 1372 1018 1437 ἐκείνου
1033 1369 1199 1453 γράμμασι
1215 1366 1360 1448 τισόποτε,
1374 1380 1415 1434 to

255 1465 315 1535 ὅσοι
336 1491 386 1536 σοι
408 1475 472 1536 τόν
493 1475 558 1537 σεόν
579 1475 709 1554 μακρῶν
730 1475 855 1537 έκεόνιον
871 1476 1033 1554 έγκωμέων
1052 1469 1105 1533 oiri
1126 1469 1258 1533 διετέλει
1271 1471 1364 1545 πέμ-

257 1596 324 1636 πων
344 1570 455 1650 μεστό.
479 1573 607 1654 ἐκόμισε
622 1575 657 1637 δέ
672 1596 727 1652 μοι
744 1578 798 1638 κατ’
818 1570 879 1636 ὅσα
895 1576 951 1654 τῆς
975 1573 1201 1655 α’στρονομικῆς
1221 1569 1364 1652 dature]-

257 1695 319 1756 μιγς
347 1671 434 1760 stirpi
461 1673 657 1760 ἑπεπόμφεις
687 1674 786 1749 αότός
812 1673 890 1739 κατό
914 1672 1089 1758 διαφόρους
1119 1664 1218 1736 ἄλλοτ’
1237 1662 1363 1746 ἄλλους

255 1772 330 1849 τοός
338 1771 481 1856 χρόνους,
496 1779 550 1840 καί
563 1767 601 1859 ἢν
616 1778 659 1841 δι’
671 1773 844 1859 ἐκπλήξεως
859 1768 945 1858 όγων
960 1770 1045 1848 ὅπως
1058 1777 1179 1837 έκεινου
1191 1770 1286 1855 χάριν
1299 1769 1367 1835 πό-

257 1899 319 1941 νιον
338 1873 414 1951 τοός
433 1872 561 1954 ’πλείους
576 1881 630 1942 κατ’
648 1874 788 1958 μάλιστα
804 1880 969 1957 δυσχερεῖς
985 1878 1047 1939 τόν
1066 1871 1217 1939 τοιούτων
1233 1866 1415 1939 iamt-15

133 2035 142 2059 ρ
256 2000 338 2043 σεων
358 1977 391 2041 έν
412 1979 532 2061 σ’λόγαις
554 1980 736 2044 συνέκλεισε
757 1980 944 2060 συλλαβαῖς.
989 1981 1043 2041 καί
1062 1979 1122 2057 μέν
1143 1971 1182 2059 δὴ
1205 1972 1365 2057 οόδέτὴν

257 2083 465 2157 Πτολεμαίου
504 2077 793 2161 οἶποτελεσματικῆν
832 2079 1037 2161 τετρόβιβλον
1080 2078 1156 2158 περὶ
1187 2074 1367 2150 έλόσσονος

258 2180 394 2242 έποιεδτο
415 2179 558 2261 σπουδῆς
577 2182 709 2258 ἐκεῖνος,
743 2177 824 2242 α’λλό
844 2181 961 2262 ταύτην
983 2202 1016 2242 τε
1037 2181 1093 2241 sut*
1118 2172 1179 2241 ὅσα
1203 2176 1279 2261 περὶ
1294 2178 1366 2239 ssia

229 2272 375 2354 ·όμοι’ων
395 2284 460 2352 τοῖς
474 2276 683 2355 Πτολεμαίου
704 2284 927 2358 παλαιοτέροις
955 2274 1023 2358 όμα
1051 2278 1106 2343 κατ’
1126 2280 1286 2358 νεωτέροις
1309 2272 1366 2340 ἔτι

261 2376 401 2457 περίεστι
423 2380 634 2458 γεγραμμένα,
658 2381 714 2441 καί
733 2374 793 2442 ὅσα
814 2377 913 2443 πόλοι
935 2380 1113 2453 Χαλδαίοις
1133 2378 1186 2442 καί
1210 2382 1416 2458 Πέρσαιςδί)

258 2479 435 2559 πεποίηται,
458 2476 540 2542 πάνυ
563 2503 594 2542 τι
616 2477 718 2541 πιόντα
742 2479 994 2564 φιλοπονώτερον
1012 2477 1132 2567 μετῄει.
1176 2478 1230 2542 καί
1254 2473 1368 2542 duduc

127 2578 317 2658 imbuis
338 2572 418 2661 όπέρ
445 2577 486 2642 τό
507 2575 689 2660 ἐσκαμμένα
720 2588 783 2654 τοῖς
805 2580 950 2661 εόσεβέσι
981 2582 1090 2660 νόμοις
1112 2583 1168 2643 κατ’
1187 2577 1368 2661 όπερόριον

256 2679 351 2744 τεένει
376 2677 470 2761 πόδα,
489 2681 593 2745 ταῦτα
616 2682 644 2746 δ’
663 2680 826 2747 α’πεσειέτό
848 2704 880 2745 τε
902 2682 957 2745 κατ’
979 2684 1127 2746 διέπτυον
1147 2679 1191 2754 οἷς
1210 2669 1367 2763 όχρρστα

268 2984 382 3056 Cyprios
400 2987 432 3039 ad
451 2994 521 3038 tuam
540 2985 653 3055 gloriam
672 2993 845 3040 converteret
862 2988 955 3054 tuique
979 2986 1130 3040 laudatores
1149 2984 1284 3048 efficeret,
1304 2983 1372 3050 pri.

265 3072 375 3126 usquam
395 3066 500 3109 tuorum
520 3058 661 3125 quidquam
681 3059 812 3110 riderent.
833 3065 884 3107 tarn
903 3057 1078 3109 vehementer
1096 3071 1161 3108 vero
1180 3054 1373 3123 cupiebatsibi

264 3130 444 3195 contingere,
465 3135 494 3179 ut
508 3135 535 3177 te
554 3130 659 3181 videret
677 3137 817 3198 tecumque
837 3140 1043 3183 conversaretur
1062 3138 1089 3181 et
1109 3129 1146 3179 ita
1164 3136 1235 3178 totus
1254 3128 1280 3177 in
1299 3125 1373 3177 tall.

266 3196 316 3248 bus
339 3198 548 3265 cogitationibus
566 3207 648 3251 noctu
666 3208 693 3252 et
711 3201 754 3251 die
773 3208 844 3266 erat,
870 3208 901 3252 ut
922 3209 1088 3268 precaretur,
1106 3215 1141 3251 ne
1163 3199 1237 3266 prius
1264 3205 1311 3248 aut
1336 3205 1373 3248 tu

259 3269 404 3321 morereris
423 3277 469 3322 aut
487 3271 545 3336 ipse
564 3270 708 3323 decederet
725 3288 740 3323 e
759 3274 825 3337 sita,
844 3287 921 3341 quam
940 3272 1098 3338 Byzantium
1118 3271 1238 3323 venisset
1255 3269 1281 3320 id
1293 3268 1374 3336 quod

263 3337 383 3389 iamdiu
401 3340 536 3394 uoluisset
564 3350 592 3393 et
614 3341 791 3395 deliberasset
814 3343 888 3395 nulla
915 3343 968 3395 alia
993 3344 1026 3395 de
1045 3357 1139 3406 causa,
1163 3356 1242 3411 quam
1265 3348 1295 3391 ut
1320 3348 1373 3391 tuo

268 3408 398 3477 adspectu
420 3419 447 3464 ct
467 3412 662 3465 cousuetudine
679 3414 731 3465 lrui
750 3423 850 3482 posset.
889 3423 939 3466 taur
958 3414 1071 3482 simplex
1091 3421 1149 3465 erat
1166 3421 1270 3480 umque
1292 3411 1375 3485 omui

266 3497 301 3534 ex
321 3489 397 3547 parte
415 3485 538 3537 sincerus
556 3499 662 3551 semper
682 3487 740 3536 eius
759 3489 862 3539 suimus
881 3489 1010 3540 adversus
1028 3494 1153 3553 teneque
1161 3485 1302 3553 quidquam
1310 3482 1375 3535 ficti

264 3562 314 3605 aut
331 3553 415 3608 incuti
434 3570 550 3626 unquam
570 3555 673 3608 inillis
698 3555 796 3610 litteris
820 3555 1014 3622 delitescebat,
1032 3572 1098 3625 quas
1122 3556 1304 3608 laudationum
1329 3553 1375 3605 tui

264 3624 408 3693 leugarum
430 3628 528 3696 pleuss‘
540 3636 673 3694 perpetuo
691 3627 740 3679 ubi
759 3631 840 3682 arisit.
885 3629 1044 3697 apportabat
1066 3628 1131 3680 mibi
1155 3628 1233 3679 etium
1252 3626 1374 3692 scripta,

266 3710 336 3761 quae
355 3698 390 3749 de
408 3701 574 3753 astronomia
593 3699 618 3750 ei
637 3699 752 3751 diversis
772 3701 936 3768 temporibus
955 3702 1076 3764 miseras,
1095 3716 1146 3769 qua
1154 3700 1181 3750 in
1191 3698 1375 3750 remiratione

264 3764 324 3816 lere
342 3769 485 3835 perculsus
505 3786 586 3835 eram,
606 3769 738 3838 quomodo
757 3769 981 3824 laboriosissimus
1001 3779 1028 3823 et
1046 3769 1218 3825 difficillimas
1242 3776 1376 3821 astrono-

267 3835 401 3888 micarum
421 3845 607 3907 quaestionum
627 3843 719 3910 paucis
738 3843 940 3909 comprehendit
956 3841 1078 3909 syllabis.
1114 3857 1204 3909 neque
1217 3853 1284 3893 reru
1302 3837 1376 3889 Pto-

209 3954 225 3973 „
265 3904 369 3958 lamaci
388 3911 632 3976 apotelesmaticaur
650 3912 813 3964 tetrabiblon
830 3913 962 3982 neglexit:
982 3914 1101 3966 sednon
1120 3912 1207 3965 solum
1227 3925 1284 3963 esur
1310 3917 1376 3961 atu..

271 3974 425 4031 diutissime
444 3979 592 4046 lectitabat,
611 3983 658 4035 sed
678 3985 757 4035 etiam
776 3998 868 4035 omnes
889 3984 973 4037 libros
991 3985 1026 4035 de
1044 3984 1124 4037 simili
1142 3989 1310 4050 argumento,
1325 3980 1376 4048 qui

272 4062 288 4099 a
307 4050 484 4117 scriptoribus
503 4051 657 4106 Ptolemaeo
677 4054 870 4122 antiquioribus
890 4054 935 4107 rel
955 4056 1150 4108 recentioribus
1169 4052 1309 4121 compositi
1321 4050 1376 4102 ad-

275 4117 327 4171 buc
349 4130 455 4174 exstant
477 4122 522 4175 vel
542 4139 558 4174 a
577 4125 714 4177 veteribus
733 4122 875 4178 Cbaldacis
895 4133 922 4179 ot
939 4124 1029 4177 Persis
1047 4126 1192 4194 conscripti
1210 4132 1280 4177 snut
1324 4120 1377 4174 aed

258 4205 437 4264 qaaoennqne
461 4195 528 4249 flues
551 4196 652 4248 unctis
675 4194 781 4265 legibus
809 4197 970 4250 constitutos
1004 4197 1138 4249 excedunt
1165 4204 1247 4263 atque
1272 4202 1374 4246 metuar
1429 4248 1430 4257 ¹
