2868 4998
215 211 435 284 eunomia
464 210 724 289 amaricata
752 222 846 287 rav.
867 202 1054 287 33-λὸ.
1142 213 1189 287 ει

84 365 249 450 πημάτων
270 370 514 458 έκπεπληχμένσι
538 397 586 455 τε,
604 371 661 440 καί
681 373 756 439 olet
778 377 888 461 φέρειν
909 373 1058 454 καθάπαξ
1077 371 1194 457 άνεχδ-

79 489 182 545 μενοι
205 469 272 556 ,τάς
301 471 426 537 πάντων
456 473 511 538 διά
536 476 638 540 ταῦτα
662 469 861 558 πανταχόθεν
885 470 994 559 ὕβρεις
1015 478 1071 540 καί
1092 475 1195 557 iusp-

82 571 203 644 θείας·
255 576 311 636 καί
331 567 417 650 ὅπως
438 574 454 638 ὃ
476 573 629 657 βασιλεύς
655 572 776 659 μεταξά
805 572 1019 660 πορεμπεσάν
1038 572 1114 651 τοάς
1134 576 1193 655 μέν

81 672 250 746 θωπείαις
271 674 326 738 καὶ
351 674 527 760 χρημάτων
561 679 729 757 διανομαῖς
749 673 823 751 toric
850 678 879 739 δ’
909 675 1053 753 άπειλαῖς
1073 674 1194 760 ὖπηγά.

55 767 156 849 §raro
184 793 220 834 τε
239 774 296 836 καί
329 778 373 861 τῷ
393 778 555 864 Παλαμρῖ·
570 772 762 859 συμμάχους
794 769 874 840 εἶναι
897 779 1044 841 πέπεικεν
1063 773 1199 857 deuant*

80 868 213 949 νόμους
234 875 387 937 τίθεσθαι
415 870 565 967 καινούς,
592 880 647 960 τῆς
676 876 779 940 αι’τοῦ
798 874 976 958 βιβαιοντάς
997 877 1193 957 δυσσεβείας.

81 972 150 1059 τᾶν
172 971 241 1050 μὲν
264 962 321 1036 σάν
354 966 458 1039 ἄλλων
490 975 638 1053 ἁπάντων
659 979 731 1059 πέρι
754 978 860 1059 ζητελν
886 977 943 1039 κατ’
965 976 1193 1058 διερευνᾶσθαι

79 1066 283 1149 βούλεσθαι,
305 1067 362 1138 άτε
385 1079 503 1159 σχολῆς
517 1077 652 1159 δεόμενα
674 1076 825 1162 πλείονος,
846 1072 967 1160 ἑτέροις
985 1072 1106 1159 ἔγνωκα
1128 1075 1194 1140 δεῖν

80 1170 310 1250 ταμιεύεσθαι
341 1175 487 1256 χρόνοις·
538 1175 634 1255 αάτὸς
663 1181 699 1242 δέ
731 1175 840 1258 μόνοις
867 1174 944 1242 δυσὶ
972 1161 1115 1243 τουτοισὶ
1139 1179 1196 1260 τὴν

44 1274 204 1335 linimur
223 1276 283 1336 τσῦ
304 1275 408 1339 πόθου
429 1276 572 1361 σπουδὴν
592 1282 805 1362 περιέκλεισεν,
825 1278 883 1363 τήν
896 1300 932 1342 τε
952 1276 1117 1363 κάθειρξιν
1138 1274 1195 1360 τὴν

80 1368 147 1455 σην
166 1377 311 1457 μαθεῖν,
342 1377 462 1462 δηλαδή
494 1382 560 1455 πῶς
591 1382 624 1455 ές
648 1379 684 1445 τὸ
703 1375 882 1465 βιαιότερον
903 1372 925 1464 ἢ
945 1376 1112 1453 κατὰτοάς
1135 1368 1193 1441 άλ-

81 1476 164 1547 teve
192 1479 396 1559 ἐξενηνέχθαι
426 1488 494 1555 τοῖς
525 1470 682 1564 άρχουσιν
715 1478 765 1562 εἴη
788 1482 1027 1564 έψηφισμένσν,
1051 1476 1107 1542 sni
1123 1472 1193 1558 άμα

81 1575 118 1637 τά
131 1568 178 1637 ἂν
203 1572 255 1658 εἴη
278 1576 316 1640 τά
345 1586 412 1654 τοῖς
433 1589 553 1656 καινοῖς
571 1579 648 1662 πρὸς
670 1582 733 1644 τῶν
764 1575 941 1644 ἐπισκδπῖον
963 1583 1018 1644 καί
1036 1580 1194 1660 βασιλέων

82 1676 336 1757 ἐγγεγραμμένα
350 1678 467 1760 νόμοις,
489 1684 543 1745 καί
563 1674 634 1745 ὅτου
654 1679 752 1764 χάριν
772 1677 866 1744 αάτοί
879 1676 1094 1754 καθαδισάς
1115 1703 1194 1744 συν-

44 1775 271 1852 eremitice<
292 1775 411 1857 αάτοάς
432 1780 523 1846 μάται’
540 1782 596 1846 καί
615 1784 786 1863 κατέχουσι
807 1784 881 1863 παρ’
900 1774 1034 1856 ἑαυτοῖς,
1055 1779 1194 1842 άνέκπυ-

82 1902 145 1942 στα
192 1869 310 1941 κάνδυν
337 1885 459 1965 σιωπῆς
488 1890 605 1965 μυχοῖς
631 1881 841 1957 καλύπτοντες
873 1880 930 1943 κατ’
952 1872 1028 1959 ipris
1056 1880 1192 1963 ἐμφανί-

83 1982 152 2055 ζειν
181 1978 225 2039 oo’
245 1979 334 2070 μάλα
354 1984 538 2064 τολμῶντες.

195 2081 285 2162 Περὶ
309 2082 369 2161 μὲν
400 2083 460 2147 σοῦ
487 2083 599 2148 πολλοὶ
628 2082 776 2159 πολλάκις
804 2083 840 2147 ἐκ
864 2083 987 2146 πολλάν
1015 2080 1259 2164 έλέχθησανη

1 2175 2 2248 f
80 2178 200 2262 λόγον,
229 2177 383 2266 διάφοροι
412 2185 472 2266 μὲν
490 2179 572 2251 εἶναι
595 2187 775 2267 δοκοῦντες,
807 2187 831 2224 ”
851 2180 927 2268 πρὸς
948 2185 977 2246 δ’
996 2180 1051 2247 ἕνα
1079 2181 1192 2259 πάντες
1203 2209 1223 2261 f.
1244 2198 1332 2256 illl».

44 2285 260 2361 ιοβλέιταντες
281 2281 406 2347 σκοπόν.
429 2285 596 2369 εάγκοόμια
617 2285 656 2352 τά
678 2286 719 2352 σά
745 2284 876 2371 δηλαδή,
906 2282 950 2359 ὥς
972 2281 1098 2350 ἐκείνων
1117 2279 1195 2349 ἑκά-

1 2429 2 2516 p
83 2406 154 2471 στιρ
170 2382 359 2460 ’διαθέσεως
381 2382 467 2468 ἔχειν
487 2386 567 2473 πρὸς
596 2391 633 2454 oi
654 2391 838 2471 συνέβαινε,
859 2385 916 2452 καί
937 2378 1005 2467 άμα
1024 2390 1196 2469 σχολαστι-

2 2527 3 2530 ’
83 2486 142 2569 ’ἧς
169 2486 253 2568 ”iiiii
273 2508 309 2568 χε
331 2486 370 2552 τά
396 2488 545 2572 δρώμενα
564 2492 717 2568 διανοίας.
739 2480 785 2565 οἷς
802 2512 838 2574 γε
859 2486 922 2574 μὴν
943 2484 976 2566 ές
991 2483 1031 2552 τά
1052 2487 1193 2570 μάλιστα

87 2816 153 2853 run
172 2799 226 2867 ipsi
247 2801 385 2868 perterriti
405 2802 581 2854 contumelias
601 2808 629 2852 et
653 2800 806 2854 inimicitias
832 2796 949 2850 omnium
965 2794 1142 2863 undecunque
1165 2795 1194 2846 in

89 2886 141 2924 eos
163 2869 296 2923 conflatas
315 2873 422 2924 omnino
442 2873 513 2926 ierne
533 2888 587 2926 non
606 2882 731 2940 possent:
750 2878 779 2923 ut
796 2870 912 2939 denique
925 2867 1071 2938 Imperator
1088 2866 1116 2917 iu
1135 2879 1194 2917 me.

88 2944 153 2994 ελσε
167 2943 277 2995 irruens
296 2943 366 2997 allos
383 2943 518 3000 blanditiis
540 2953 567 2997 et
583 2944 788 3013 largitionibus,
807 2942 876 2995 alios
901 2940 980 2992 minis
999 2937 1049 2991 sibi
1070 2936 1194 2989 subactos

89 3012 264 3067 inhiante
282 3023 374 3083 partes
392 3016 516 3068 traxisset
534 3025 561 3068 et
581 3012 724 3079 effecisset,
745 3023 774 3067 ut
792 3028 878 3065 novos
898 3019 983 3064 iomos
1002 3014 1195 3076 componerent

91 3086 197 3154 quilius
215 3086 381 3153 impietatem
403 3089 461 3139 eins
487 3087 682 3140 confirmarent.
720 3101 799 3154 quum
818 3099 884 3137 vero
905 3084 938 3135 δε
958 3081 1055 3134 ce'tesis
1073 3078 1193 3133 omnibus

90 3156 179 3208 aciens
192 3159 215 3208 si
227 3173 360 3225 quaerere
379 3166 459 3226 atque
478 3159 645 3226 percunctari
665 3156 774 3221 vellem,
786 3157 888 3208 maiore
906 3154 970 3206 milri
988 3153 1044 3205 otio
1067 3166 1134 3220 opus
1147 3168 1193 3205 es.

90 3236 146 3291 set,
167 3228 195 3278 in
213 3227 268 3280 alia
287 3236 406 3296 tempora
428 3231 454 3283 id
472 3229 645 3282 differendum
666 3245 725 3281 esse
744 3228 835 3297 putavi
863 3234 942 3294 atquc
968 3223 1070 3277 duabus
1093 3230 1192 3275 tantum

91 3300 175 3351 bisce
192 3299 272 3352 rebus
293 3302 443 3353 accuratius
474 3302 643 3368 explorandis
668 3315 745 3351 omne
763 3300 877 3351 studium
897 3306 924 3349 ct
942 3310 1049 3364 operam
1066 3292 1192 3362 iiupeucli,

92 3380 123 3423 ¹⁸
141 3371 256 3438 P‘iflm
276 3372 382 3439 quidem
401 3386 602 3442 cognoscerem,
625 3388 672 3424 cnr
685 3372 713 3423 in
729 3371 875 3423 custodiam
893 3368 1054 3422 atrociorem
1074 3373 1101 3416 te
1114 3379 1192 3432 quam

92 3445 219 3512 reliquos
237 3442 426 3495 includendam
446 3461 505 3495 esse
528 3444 693 3511 imperantes
716 3443 918 3494 decrevissent:
948 3437 1044 3489 deinde
1069 3435 1191 3503 quidnam

92 3519 177 3569 noris
199 3517 258 3567 istis
278 3514 358 3567 tomis
385 3516 418 3567 ab
438 3517 572 3584 episcopis
591 3524 617 3567 et
634 3513 840 3580 imperatoribus
868 3509 1044 3579 perscriptum
1070 3511 1141 3557 essct
1165 3509 1193 3554 et

93 3603 180 3656 qnare
199 3602 248 3639 eos
266 3602 282 3637 a
300 3602 330 3638 se
348 3587 416 3654 ipsis
435 3587 573 3640 coniectos
600 3589 678 3638 etium
698 3585 767 3652 apud
787 3600 817 3636 se
841 3583 1003 3642 retinerent,
1030 3574 1191 3644 argumentis

95 3674 198 3725 mm,
217 3659 412 3727 nequisquam
433 3674 464 3710 ea
485 3659 627 3727 explorare
646 3665 748 3726 posset,
766 3654 899 3722 profunda
916 3648 1096 3702 taciturnitate
1110 3646 1190 3700 into.

96 3730 170 3794 lutis,
189 3731 334 3801 παραυτά
354 3740 469 3783 cestram
488 3732 608 3783 notitiam
628 3746 659 3781 en
677 3727 799 3796 prolerre
820 3724 957 3776 auderent

193 3831 234 3884 De
253 3838 282 3881 te
300 3829 385 3898 igitur
402 3827 477 3880 multi
489 3842 570 3896 saepe
588 3826 702 3878 smaltis
722 3823 876 3896 ferebantur
885 3833 1033 3884 sermones,
1043 3818 1191 3886 quiquam.

100 3918 171 3970 qaam
189 3907 262 3957 inter
281 3917 312 3953 se
331 3901 434 3952 diuersi
455 3899 622 3965 videbantur,
641 3899 674 3950 ad
692 3913 772 3950 unum
789 3903 877 3946 tamen
905 3907 996 3945 ornnes
1021 3891 1099 3943 linem
1126 3904 1191 3955 spe.

101 3975 214 4044 tubat,
243 3973 279 4025 sd
298 3980 359 4025 tnas
378 3970 486 4024 scilieet
508 3970 611 4036 laudes,
630 3977 709 4037 prout
727 3970 840 4038 quisquo
864 3963 910 4018 vei
933 3964 1020 4016 animo
1046 3962 1074 4013 in
1093 3968 1121 4012 te
1147 3960 1191 4012 al.

99 4046 177 4101 inmas
195 4046 243 4103 rel
265 4044 368 4097 indicio
387 4044 423 4095 (le
441 4042 531 4107 rebus,
551 4059 619 4111 quae
640 4049 777 4113 geruntur,
797 4037 932 4107 praeditus
952 4044 1017 4088 erat.
1059 4032 1105 4100 qui
1124 4044 1190 4084 vero

100 4134 169 4191 qm
183 4120 304 4176 maximo
324 4114 459 4171 Palamam
478 4123 505 4169 et
525 4113 685 4181 coccinum,
704 4110 853 4167 Heracleae
871 4111 1042 4180 episcopum,
1059 4104 1191 4171 lnequsn.
