2868 4998
969 325 977 340 '
1111 317 1171 383 m

136 502 141 511 ¹
182 461 338 541 iterun
368 469 526 545 eodiueru
557 472 791 552 Parisinuseur
828 477 941 575 priori
973 479 1170 579 supplendo

30 572 32 607 ι
102 627 306 720 eorpuinus
332 649 352 700 a
377 628 809 729 Friderieoiiostgaardie
830 660 912 715 esse
937 662 985 714 ex
1002 638 1173 717 Vaticano

100 783 305 905 metipturu,
325 788 535 885 wutuque
559 789 715 869 Parisios
740 794 803 868 taii
829 800 1079 896 prapeusptieo.

525 1049 585 1125 Aa
611 1050 737 1127 librum

246 1225 359 1311 duplex
384 1226 626 1294 dodecastiehon
649 1229 799 1296 Frideriei
818 1232 1001 1318 Rustguard.

89 1580 170 1651 Parve
187 1585 278 1670 liber,
301 1605 437 1673 propera
459 1590 611 1654 dominam
633 1593 809 1677 pertingere
829 1592 869 1658 ad
887 1595 1006 1677 urbem,

157 1688 253 1763 Quam
275 1708 332 1754 rex
351 1690 493 1775 Europae
516 1699 618 1757 terror
638 1710 785 1776 amorque
806 1695 900 1761 fovet.
928 1679 933 1684 Δ

88 1791 150 1855 inde
169 1792 364 1857 verecundus
386 1798 417 1856 te
439 1810 546 1857 sacras
570 1792 679 1858 confer
700 1796 731 1858 in
754 1795 850 1861 aedes

155 1893 237 1968 Quas
259 1893 322 1959 late
340 1892 471 1978 Augusti
490 1894 679 1960 bibliotheca
699 1895 808 1978 replet.

68 1992 132 2058 tiu
150 1997 203 2059 tibi
224 1996 372 2060 continuo
392 2001 517 2076 praesto
544 2001 593 2059 est
611 1996 731 2080 insigne
756 2000 903 2082 virorum,

151 2096 205 2161 nte
227 2114 317 2160 meus
340 2096 481 2159 Clemens
502 2095 706 2180 Boivinusque
728 2117 825 2164 rueus.

83 2195 223 2262 Alteruter
245 2203 276 2260 te
297 2193 449 2272 deducet3
468 2196 518 2258 rel
540 2196 645 2261 forsan
665 2205 810 2280 uterquer

149 2297 255 2367 Cauris
276 2300 359 2362 enirn
382 2304 446 2362 tota
468 2303 517 2361 est
535 2301 618 2364 natio
641 2300 881 2385 Francigenum:

80 2396 109 2462 tr
126 2407 154 2463 te
175 2400 311 2464 'sellario
332 2401 430 2464 sistet.
473 2407 506 2463 tu
528 2406 666 2482 tempora
688 2400 773 2465 tandi

56 2502 75 2555 1⁰
142 2500 292 2585 Expecta,
313 2508 345 2564 et
363 2502 455 2564 venia
477 2499 597 2566 dissere
616 2519 716 2584 pauca
738 2500 818 2568 data.
908 2556 911 2567 .

78 2600 158 2670 iica
180 2623 244 2687 quo
267 2606 378 2670 missus
399 2606 518 2685 venias,
542 2613 574 2669 et
594 2623 683 2688 qnam
705 2623 941 2688 memoresque

142 2706 271 2771 iiitteus
293 2706 420 2771 tellerii
440 2709 565 2771 uomina
582 2713 695 2771 ‘saneta
716 2709 808 2772 eolat.

77 2803 175 2889 ieupe
197 2808 327 2872 iubente
348 2807 401 2873 illo
423 2810 524 2871 cuncti
544 2815 673 2891 patuere
694 2805 838 2872 recessus

142 2909 222 2972 Duru
246 2915 300 2973 tua
320 2926 382 2990 me,
405 2906 492 2973 dives
508 2909 659 2991 Sequana,
678 2912 746 2993 ripa
764 2916 858 2998 tenet,

54 3000 356 3098 itatiusqneldatnn
376 3018 426 3076 est
447 3013 565 3097 regalia
586 3019 668 3076 tenta
688 3013 793 3077 subire

140 3113 349 3196 iiilleuosque
367 3114 455 3177 libris
478 3112 655 3198 invigilasse
680 3112 757 3177 dies.

73 3207 116 3274 Dic
132 3231 190 3296 pru
214 3221 264 3278 tot
282 3216 410 3295 meritis,
436 3230 495 3296 qua
513 3213 575 3278 iate
598 3213 773 3278 extenditur
793 3215 892 3297 orbis,

139 3314 269 3379 Telierii
290 3313 399 3378 laudes
420 3333 471 3378 me
492 3323 660 3399 praeeunte
681 3317 771 3397 cani,

73 3410 202 3499 tueque
226 3434 318 3480 meae
344 3422 473 3481 renuunt
492 3422 602 3481 munes
622 3417 802 3499 persolvere
825 3417 919 3498 vires,

50 3502 67 3557 ²⁸
137 3518 198 3584 Pro
221 3535 274 3582 me
294 3517 450 3582 Musarum
470 3517 604 3582 reddere
625 3517 705 3581 velle
728 3517 865 3582 chorum.

72 3612 150 3682 Unuu
172 3620 239 3685 hoe
261 3618 352 3700 adde,
373 3619 464 3700 liber,
486 3610 599 3683 nou'te
618 3636 675 3702 pro
698 3637 825 3683 munere
846 3620 933 3700 mitti,

134 3721 199 3789 Sed
223 3720 278 3786 iidi
299 3724 410 3805 pignus
432 3719 535 3785 cordis
557 3727 588 3784 et
608 3722 757 3803 obsequii.

69 3814 238 3889 itdabitur
259 3822 376 3903 forsan,
401 3825 428 3887 si
452 3822 589 3887 crederis
608 3824 691 3887 utilis
711 3821 775 3904 ulii,

132 3925 271 4011 Augusti
292 3924 325 3987 iu
347 3920 454 3989 torulis
474 3931 508 3986 ut
527 3925 647 4007 potiare
668 3921 750 3987 loeo.

175 4078 336 4160 Scriptum
357 4075 473 4142 Romae
493 4093 522 4140 a.
547 4073 577 4140 d.
599 4074 687 4140 xxti
707 4073 781 4139 Maii
802 4072 991 4141 MDCXGDL

464 4212 722 4231 ffl-
